3706 5828
838 411 1010 511 XCVI.

543 620 633 727 AD
670 616 1304 729 REVERENDISSIMUM

107 864 437 987 PATREM
480 862 634 985 DES
681 862 971 986 BOSSES
1026 858 1465 984 EPISTOLAE
1519 852 1736 980 DUAE

847 1136 1006 1148 ...ι-η...-

813 1256 1039 1346 1716.

575 1587 676 1643 (temn-
694 1590 756 1646 opp.
774 1588 813 1635 sd
831 1590 930 1637 nmen·
947 1590 1017 1635 τοι.
1031 1588 1065 1635 u.
1082 1588 1113 1635 Ρ.
1125 1586 1148 1633 t.
1165 1581 1277 1643 pato.)

823 1784 915 1793 -.ιι-ιι-
920 1782 1035 1793 nau—uo·

286 1952 563 2012 EPISTULA
605 1951 718 2011 XXtX.
946 1951 1078 2010 missione
1112 1949 1333 2025 propositionum
1374 1946 1742 2025 impositoticnssi

945 2039 1161 2099 Tambnrino
1179 2038 1247 2112 (qni
1263 2054 1336 2095 notre
1348 2052 1463 2111 quoqne
1476 2044 1513 2096 nt
1528 2040 1742 2097 eruperaet

18 2128 23 2135 ·
106 2110 419 2171 Reverendissirno
450 2116 569 2185 pater,
601 2113 723 2169 fautor
754 2110 902 2169 honora·
944 2134 1167 2187 ,mm-,m
1180 2124 1744 2203 „gromatmstgwpw

427 2216 577 2274 tissime.
944 2232 1042 2290 rasqne
1065 2217 1107 2273 sio
1120 2216 1275 2289 tsciteospi
1289 2230 1385 2290 pome,
1410 2220 1447 2271 ut
1466 2220 1577 2275 notem
1596 2222 1746 2274 mam.

944 2306 1050 2363 Vcilem
1069 2303 1104 2362 ii.
1119 2303 1151 2361 P.
1167 2304 1318 2361 Fonseea
1332 2304 1460 2359 Viennae
1473 2304 1599 2381 inisset,
1621 2320 1686 2363 mm
1705 2318 1748 2377 ῳ

147 2392 320 2466 Msgnopcm
337 2392 444 2463 gaudeo
464 2396 492 2449 to
506 2392 611 2464 estere,
637 2395 665 2448 et
680 2406 754 2455 rem,
773 2394 805 2447 nt
818 2392 901 2464 soles,
944 2392 1001 2452 itiio
1014 2394 1140 2466 agebam.
1181 2392 1269 2465 Saepe
1281 2391 1356 2465 epod
1377 2408 1530 2467 prooeres,
1564 2408 1676 2467 eosque
1701 2390 1749 2449 dis

105 2484 216 2559 poichre
230 2498 331 2553 gerere.
362 2481 421 2552 Ego
434 2480 539 2537 litteras
554 2486 617 2536 tnas
629 2479 765 2553 accipiens
778 2494 901 2537 eommo-
944 2480 1095 2539 ssnttentes
1130 2486 1238 2537 vestros
1265 2479 1393 2537 Sinenses
1426 2478 1549 2537 oetam
1587 2482 1620 2539 in
1655 2496 1750 2539 serm

104 2573 171 2631 dnm
183 2571 291 2629 absotvi
304 2568 523 2628 dissertationem
537 2560 732 2642 detneotogti
745 2568 901 2626 Sinensinm
944 2570 1025 2627 nibus
1038 2568 1235 2627 convivalibus
1279 2566 1340 2639 Ego
1359 2566 1545 2627 [emunim
1560 2570 1654 2627 tiniae
1673 2584 1751 2643 open

104 2661 239 2732 natarali,
259 2659 366 2715 Gattioo
385 2674 511 2715 sermone
529 2657 715 2729 conscriptam
734 2656 763 2713 in
781 2657 900 2728 gratiam
944 2658 1067 2715 maxims
1092 2659 1196 2713 tadum
1229 2660 1318 2729 puto,
1349 2661 1381 2713 nt
1412 2656 1505 2713 Ousia
1532 2658 1665 2715 &mna
1694 2674 1750 2715 mo·

103 2750 186 2806 smiei
201 2748 275 2803 Galli
290 2746 343 2802 viri
364 2746 493 2818 insigniis,
514 2762 565 2801 nco
585 2746 711 2819 partibus
731 2744 850 2817 addicti,
869 2744 900 2801 in
944 2747 1066 2804 deratius
1085 2745 1116 2801 in
1135 2762 1171 2801 eo
1189 2746 1303 2815 negotio
1333 2748 1407 2815 agot.
1455 2745 1550 2803 Miror
1564 2752 1673 2801 mres
1686 2746 1750 2813 jam

103 2854 161 2911 qna
174 2836 209 2891 de
223 2836 299 2905 Deo,
323 2833 486 2908 spiritibus,
512 2838 541 2889 et
560 2834 655 2889 anima
674 2834 794 2889 hnmana
807 2849 844 2889 cx
858 2834 900 2889 Si·
919 2778 923 2881 Ι
943 2850 1037 2891 rersos
1064 2833 1095 2889 in
1119 2832 1268 2906 Japonism
1299 2832 1418 2889 admitti.
1467 2834 1582 2907 Oportet
1614 2848 1747 2907 magam·

104 2924 233 2982 niensium
247 2921 372 2978 doctrina
392 2936 460 2991 ago:
482 2926 599 2994 utroque
617 2920 675 2976 illis
694 2920 762 2993 ipsis
780 2921 900 2977 auetori-
942 2923 1000 2979 iitie
1024 2925 1126 2978 iactam
1149 2921 1308 2978 animorum
1333 2920 1568 2997 conversimrem,
1596 2928 1661 2995 post
1686 2928 1749 2977 ian-

105 3012 223 3083 tntibns,
243 3026 312 3083 qnas
332 3010 500 3067 Nicotaus
516 3008 783 3081 Longobardns,
803 3024 840 3063 ex
854 3024 900 3063 ve·
942 3016 1015 3083 tarn,
1035 3014 1100 3065 ante
1120 3024 1208 3066 annos
1232 3026 1288 3066 non
1313 3008 1383 3065 adeo
1403 3009 1534 3083 multos,
1561 3009 1749 3067 acerbitatem

105 3104 164 3158 siro
178 3099 289 3170 ordine,
311 3102 340 3153 ot
354 3098 528 3153 Antonius
541 3096 583 3151 de
602 3096 629 3151 S.
644 3094 760 3151 Maris
775 3095 898 3151 Francis·
918 3078 921 3125 Ι
941 3098 1039 3171 ltaque
1066 3097 1213 3154 historiam
1244 3101 1351 3155 vestras
1385 3096 1646 3156 rcadmissin‘onis
1674 3114 1750 3157 no&

105 3204 198 3261 mnus,
212 3186 337 3257 attutcrc,
349 3190 382 3241 nt
391 3185 516 3241 Sincnscs
526 3184 610 3240 etiam
625 3182 753 3255 antiquos
763 3181 898 3239 Atheismi
918 3138 921 3259 Ι
943 3186 1035 3244 velim.

104 3276 312 3335 convincerent:
333 3272 362 3328 in
383 3289 438 3345 quo
458 3277 566 3329 tontum
584 3271 664 3329 abst
688 3276 719 3327 nt
745 3286 899 3327 successum
985 3274 1190 3332 Lamindnm
1211 3272 1414 3329 Pritanium
1428 3288 1491 3331 non
1501 3274 1599 3333 elium
1614 3292 1678 3333 οη
1690 3282 1749 3351 peto

105 3363 260 3435 inbuerint,
270 3367 300 3418 nt
312 3362 405 3435 potius
418 3363 555 3417 contraria
565 3361 661 3417 omnia
675 3359 744 3416 mihi
754 3360 898 3416 verisimii·
942 3378 1027 3436 qnam
1058 3362 1098 3419 iii.
1123 3363 1214 3418 virnnr
1240 3360 1484 3419 Bernhardnm
1509 3363 1749 3423 Trosissnnm

106 3453 173 3511 iima
188 3452 340 3507 videantur.
377 3450 451 3515 Quin
465 3450 592 3506 Sirrenses
606 3456 711 3505 vctcrcs
725 3449 799 3505 nitra
813 3451 898 3506 Grae·
943 3453 1065 3509 nobilem
1087 3450 1236 3523 Venetnm,
1261 3465 1344 3522 qncm
1376 3450 1412 3507 do
1437 3450 1520 3509 bono
1546 3468 1661 3527 sapore
1683 3450 1749 3529 (det

104 3541 165 3599 cias
181 3540 370 3613 Piriiosoptros,
385 3538 497 3594 veritati
511 3538 663 3609 accessisse,
678 3542 706 3593 ct
720 3536 845 3594 docuisse
861 3539 899 3594 vi·
918 3578 922 3637 l
943 3542 1035 3599 beon
1049 3540 1172 3610 gusto)
1187 3538 1310 3593 iibetlnm
1325 3538 1456 3610 edidisse,
1472 3545 1504 3597 et
1517 3540 1631 3599 eodem
1647 3545 1750 3600 nomint

106 3630 214 3699 emtor,
229 3628 372 3685 materiam
388 3629 477 3701 ipsam
491 3642 552 3683 csso
567 3625 773 3700 productionem
788 3627 849 3682 Dei.
922 3650 927 3703 Ι
944 3631 1019 3687 tictio
1038 3630 1068 3685 in
1082 3628 1147 3699 troo,
1169 3634 1198 3683 et
1212 3626 1275 3682 aliis
1290 3642 1369 3683 nsum
1383 3626 1459 3683 nori.
1509 3628 1749 3687 iiartsoekeri

150 3718 221 3775 tttnd
234 3717 321 3773 etiarn
337 3722 495 3790 pergratum
515 3720 557 3772 est
577 3716 651 3787 quod
671 3714 783 3787 scribis,
807 3716 902 3772 Domi·
923 3724 927 3793 t
944 3718 1166 3792 responsionem,
1184 3729 1268 3787 qnam
1289 3722 1317 3773 te
1331 3715 1441 3771 mittere
1454 3715 1510 3789 ais,
1524 3718 1640 3777 addere
1653 3720 1749 3778 obticet

105 3822 173 3864 num
203 3806 245 3861 de
268 3806 500 3862 coshentrcirn
526 3804 680 3860 versionem
706 3804 901 3861 Gornranicern
923 3802 982 3865 'es
1027 3803 1165 3871 (inoniam
1186 3804 1340 3861 versionem
1363 3802 1450 3861 libelli
1471 3804 1582 3863 Gaiiiei
1605 3824 1662 3881 pro
1675 3810 1751 3865 Gon·

106 3893 198 3969 operis
208 3892 591 3967 suscepissc,qeodDomirrns
601 3890 697 3947 Abbes
707 3892 743 3947 de
753 3892 781 3947 S.
793 3890 902 3949 Petro
923 3876 926 3903 ¹
945 3894 1141 3951 stitutione
1155 3890 1367 3963 Unigenitns
1379 3892 1520 3949 adornare
1531 3896 1665 3971 vetuisti,
1675 3896 1751 3955 aeto

106 3982 203 4039 Gades
216 3982 340 4055 idnstris,
352 3981 387 4039 de
398 3998 466 4055 pace
480 3984 611 4054 perprctna
626 3979 792 4037 stabiliendo
805 3980 901 4053 edidit,
924 3988 927 4035 t
946 3983 1070 4041 libellum
1092 3981 1145 4037 tibi
1160 3982 1287 4038 versione
1301 3980 1413 4055 dignum
1428 3981 1532 4038 daem.
1581 3984 1650 4057 Ego
1663 3992 1750 4060 pum

107 4075 136 4126 ct
148 4069 184 4125 de
195 4085 251 4142 qno
265 4070 429 4126 sententiam
443 4070 527 4126 etiarn
542 4084 632 4125 meam
646 4068 769 4141 expedi.
800 4068 903 4141 Scripsi
923 4045 928 4098 Ι
946 4072 1097 4130 rectissime
1111 4072 1232 4126 tacturos
1246 4070 1402 4143 Romams,
1422 4069 1447 4125 si
1465 4068 1537 4127 cient
1551 4074 1751 4145 explicationes

107 4158 148 4215 iiii
164 4156 243 4214 binos
264 4159 367 4215 litteras
387 4159 455 4214 satis
479 4157 603 4231 arripias,
630 4157 748 4230 misique
768 4157 900 4213 Disserta·
924 4136 928 4241 ξ
947 4160 1054 4219 tamdiu
1074 4158 1256 4233 desideratas,
1278 4159 1318 4216 ita
1339 4158 1415 4217 enim
1434 4158 1624 4218 inorentibns
1650 4162 1751 4219 atisin·

108 4246 212 4305 iioncrn
226 4263 311 4319 quarn
325 4246 394 4302 otim
409 4246 443 4303 de
457 4245 554 4303 codem
569 4251 731 4317 argumento
752 4244 841 4301 edidit
854 4248 903 4303 Se·
924 4248 928 4275 ¹
946 4246 1027 4307 cient.
1071 4246 1219 4320 Nunquam
1239 4248 1308 4304 nriiri
1326 4260 1458 4305 ocnsnrne
1471 4246 1541 4304 iiine
1554 4264 1652 4320 vagno
1665 4252 1751 4325 phon-

107 4334 267 4393 rcnissirnus
292 4334 459 4392 Ernestus
480 4334 594 4391 Hassiae
612 4333 799 4406 landgravius
822 4338 905 4409 oepnt
947 4352 1008 4410 ore,
1036 4335 1137 4408 quinos
1162 4334 1500 4410 prcroelinntnrhominos,
1527 4350 1589 4393 non
1611 4338 1750 4397 (Ιοοωίπ.

107 4423 197 4481 meae
216 4424 437 4480 lihcirrielscnsis.
482 4425 578 4495 ltaque
603 4424 685 4480 credo
710 4424 765 4479 Dn.
784 4421 825 4477 de
845 4424 904 4479 Co·
949 4427 984 4483 ttt
1004 4440 1101 4481 vereor
1120 4442 1156 4480 ne
1174 4424 1357 4482 Censnmmm
1378 4424 1559 4481 multitudino
1579 4425 1748 4499 insomnes,

107 4512 289 4571 eirentreirn
310 4513 444 4569 nremoria
470 4512 570 4569 veteris
589 4512 702 4569 Domini
724 4510 809 4582 (huie
828 4512 904 4568 onim
947 4530 1019 4587 qnae
1037 4517 1197 4585 praetextus
1217 4530 1300 4588 saepo
1320 4514 1454 4589 praebent
1467 4514 1594 4571 vexandi
1609 4517 1689 4575 viros
1702 4516 1749 4573 iro·

107 4601 227 4676 Prineipi
243 4602 323 4657 initia
338 4603 464 4659 fortunae
484 4595 591 4677 debet)
607 4601 729 4658 lotrorern
744 4599 773 4656 in
787 4616 817 4655 so
830 4616 904 4656 reee-
926 4612 930 4625 ¹
949 4618 1002 4660 nos
1016 4606 1045 4657 et
1058 4601 1161 4658 doctos

108 4690 190 4765 pisse.
235 4691 386 4748 Occasione
398 4689 465 4747 data
478 4707 543 4746 cunr
558 4688 756 4746 officiosissime
770 4706 788 4745 ο
802 4704 848 4746 me
862 4705 905 4745 sa·
926 4632 931 4809 l
950 4692 1123 4764 progeneret
1137 4690 1215 4747 iocus
1232 4688 1388 4747 Stortiao
1407 4688 1634 4753 Paliavieini
1660 4691 1747 4765 suri,

108 4780 192 4837 lutari
208 4785 281 4854 pcto.
950 4779 1073 4837 nondum
1087 4779 1169 4836 eredo
1181 4779 1342 4851 Cardinaiis,
1356 4794 1420 4835 enm
1434 4777 1581 4853 scriberet,
1597 4796 1677 4854 qoem
1690 4794 1748 4835 nte·

152 4868 422 4925 Hardninianae
457 4865 644 4922 conciliorum
680 4864 812 4923 editionis
847 4882 905 4923 rron
927 4822 932 4925 Ι
949 4884 1014 4925 cnm
1033 4867 1259 4940 eornmnnioesti,
1284 4872 1314 4924 ct
1334 4866 1448 4924 omnino
1461 4866 1499 4922 sd
1513 4884 1630 4926 sensnm
1644 4884 1753 4939 οπως

109 4954 166 5013 vidi
192 4958 245 5013 nisi
269 4963 458 5029 conspretnnr,
483 4970 539 5026 qno
564 4956 669 5011 omissa
687 4954 906 5029 Labseanao,
928 4928 932 5043 Ι
950 4956 975 5014 si
990 4973 1056 5012 vers
1069 4960 1142 5014 esset
1156 4956 1316 5028 Astrotop'n
1327 4954 1491 5029 judiciaria,
1512 4957 1539 5012 si
1555 4958 1753 5025 chironeum,

109 5050 138 5101 et
150 5046 318 5102 accessiones
333 5061 421 5102 norae
433 5042 563 5099 editionis
578 5048 760 5100 rcoensentnr.
799 5043 907 5101 Dnodo
927 5076 931 5105 ι
950 5045 976 5102 si
989 5060 1058 5117 quas
1069 5044 1175 5115 jactant
1188 5044 1311 5117 quidam,
1325 5044 1482 5119 signatores
1491 5060 1604 5119 rmum,
1620 5066 1667 5105 res
1677 5046 1755 5105 aseri·

109 5132 164 5193 cim
184 5134 371 5193 voluminibus
390 5136 506 5191 oonstat
552 5132 663 5190 Gratias
683 5148 737 5205 ego
752 5148 805 5209 pro
818 5136 907 5192 trans·
926 5112 932 5168 Ι
951 5134 1043 5193 benda
1056 5138 1130 5193 osset
1142 5134 1303 5194 harmoniae
1316 5133 1448 5194 divinitus
1461 5134 1687 5210 maoembffitae.
1727 5134 1756 5194 in
