3706 5828
164 307 230 380 iel
666 316 730 374 ili»
767 317 819 375 DE
838 316 979 375 UNGUA
1000 315 1289 375 CthRAG'I'ERlCA.

162 481 336 553 tlnmaticus,
357 493 439 551 quem
452 480 566 548 soant,
585 492 659 533 nove
672 476 792 549 quadam
810 477 948 552 methodo,
998 491 1057 532 non
1074 479 1182 532 tantum
1201 489 1345 531 unmemre
1365 473 1414 530 sed
1432 478 1462 530 et
1474 477 1547 530 reete
1560 473 1713 547 ponderare
1726 489 1789 548 pns-

162 587 246 644 quam
264 566 449 642 praescribere
462 581 573 640 pamm
586 569 617 622 et
630 578 700 637 quae
714 566 782 622 nihil
797 567 827 623 in
841 584 871 624 se
884 582 950 623 eon·
999 565 1051 639 sit,
1071 564 1121 620 vix
1133 563 1277 638 quisquam
1291 567 1343 618 eet.
1386 563 1481 634 ltaque
1494 564 1558 634 dno,
1575 563 1624 635 qui
1638 563 1789 636 disputem,

163 660 233 716 tinet
253 661 301 714 sut
319 655 456 712 diffidlius
473 670 557 727 quam
575 653 624 708 alii
637 670 730 711 cursus
744 659 794 710 aut
807 656 951 713 abiisset
1000 656 1057 711 iere
1071 653 1138 709 milri
1153 651 1261 709 dnobus
1271 651 1467 707 mercatoribus
1476 652 1579 709 naides
1589 652 1725 725 videntur,
1741 653 1790 725 qui

162 751 245 821 captu
263 744 408 818 remeius,
428 747 477 799 aut
494 758 515 798 a
526 743 722 800 conmemdiue
735 744 870 802 scribmdi
884 745 951 802 alie-
1000 741 1055 798 nbi
1079 746 1177 797 mutuo
1201 757 1239 796 ex
1262 740 1356 796 multis
1374 740 1512 814 capitibus
1532 741 1669 797 debitores
1688 745 1789 812 esseut,

163 837 235 894 nius
277 833 336 890 Nec
354 833 442 888 multo
461 831 523 904 plus
541 830 646 887 laboris
664 832 801 906 exigeot,
822 849 906 906 quam
920 834 950 890 in
1001 831 1050 888 sed
1068 830 1175 886 nollent
1193 844 1315 903 umquam
1334 828 1369 884 ad
1389 830 1515 902 genesis
1533 830 1654 885 eiuselem
1674 829 1791 885 bilancis

162 922 311 982 nonnullos
332 926 426 978 nursiae
450 923 499 976 aul
517 920 663 976 nonnullas
682 907 896 995 Encyelopodiae
920 927 953 979 ut
1001 934 1119 977 examen
1143 918 1251 990 venire,
1278 918 1382 973 interea
1401 919 1476 975 varie
1496 918 1594 973 merita
1612 919 1726 991 quisque
1740 934 1792 974 sua

163 1015 312 1085 loquuntur
325 1011 382 1066 iam
394 1009 550 1082 impensum
562 1008 694 1064 videram.
715 1009 830 1083 Aliquot
839 1013 953 1069 selectos
1002 1025 1067 1081 aga
1084 1008 1201 1065 minum
1220 1011 1251 1062 et
1269 1005 1441 1078 qneumdem
1454 1006 1633 1079 singularium
1647 1007 1793 1062 nominum

163 1101 288 1159 hemines
306 1115 366 1156 rem
383 1098 458 1154 intra
475 1096 692 1169 quinquennium
710 1099 853 1157 absolvam
871 1117 953 1174 pesse
1002 1097 1137 1153 veneten
1150 1112 1183 1154 ae
1196 1095 1412 1168 magnitudinem
1426 1100 1628 1168 suggereret
1665 1096 1702 1151 lli
1718 1099 1793 1151 corte

164 1195 252 1264 putor
278 1189 352 1244 intra
365 1185 508 1243 biennium
521 1190 615 1241 autern
639 1186 790 1260 dochinus,
816 1189 903 1262 magis
921 1190 953 1246 in
1003 1185 1177 1258 sicquidem
1200 1200 1341 1256 numnam
1366 1183 1443 1239 litem
1467 1185 1661 1240 temrinabnnt
1705 1185 1792 1256 ldqne

165 1280 223 1334 vita
237 1279 430 1349 limuenmms,
445 1273 475 1330 id
489 1277 532 1329 est
541 1274 677 1331 Moralem
690 1279 719 1332 et
728 1275 952 1352 Metaphysieanr,
1002 1275 1132 1332 melenus
1146 1275 1176 1330 in
1189 1273 1324 1347 plerisque
1337 1273 1542 1345 conhoversiis,
1564 1273 1614 1328 ubi
1626 1289 1670 1328 res
1685 1273 1791 1345 liquida

165 1364 348 1437 irrefragabili
360 1362 465 1420 cabulo
477 1362 653 1419 exhibebunt
780 1421 787 1437 ,
1004 1361 1055 1438 (id
1069 1368 1111 1420 est
1124 1363 1160 1419 ad
1174 1377 1302 1418 numeroe
1315 1354 1463 1435 rovorata)
1479 1377 1536 1418 non
1550 1367 1606 1434 est,
1627 1361 1685 1418 lieri
1696 1361 1792 1417 mirari

210 1453 338 1510 Nemesis
353 1455 447 1507 autem
458 1451 682 1508 moesticia
696 1453 886 1527 platanumque
904 1471 954 1511 no·
977 1460 979 1487 ³
1003 1468 1061 1508 uon
1087 1452 1226 1509 debemus.
1270 1450 1348 1505 Nune
1373 1465 1440 1506 vere
1463 1450 1677 1506 emodulatione
1695 1454 1792 1507 nostra

167 1542 275 1598 tionum
295 1541 379 1597 sensi
396 1539 552 1596 mmtihrtis
569 1541 682 1598 babebit
701 1557 786 1615 genus
804 1544 954 1600 humanum
1003 1543 1100 1597 cuncta
1113 1541 1149 1597 ad
1163 1555 1290 1596 numeros
1304 1538 1445 1595 revocabit
1458 1543 1487 1594 et
1501 1543 1532 1593 ut
1546 1539 1691 1611 ponderari
1705 1538 1792 1594 etiam

166 1631 264 1703 organi
277 1645 362 1703 genus
374 1644 491 1700 norum,
512 1628 574 1702 plu
587 1630 676 1686 multo
688 1631 788 1687 mentis
801 1634 954 1705 potentum
1003 1629 1123 1688 rationes
1136 1633 1239 1701 queant
1253 1627 1328 1684 velut
1337 1628 1474 1700 quoddam
1484 1628 1602 1683 Soticae
1612 1643 1696 1699 genus
1705 1627 1793 1684 dabit

167 1723 319 1791 aucturum,
338 1732 421 1790 quarn
435 1716 508 1772 vitra
522 1718 614 1790 eptica
626 1718 719 1776 nemos
729 1718 874 1794 juverunt,
895 1726 956 1778 tan·
1003 1717 1076 1774 Nam
1085 1719 1170 1774 etiam
1179 1716 1390 1790 probabilitates
1402 1717 1505 1773 mlmlo
1520 1720 1551 1771 nt
1565 1716 1793 1773 denmmmtioni

168 1812 252 1880 toque
264 1805 387 1880 snpuius
400 1805 589 1879 Micrnsenpiis
599 1811 649 1863 ant
660 1807 835 1883 Telaseopiis,
850 1814 956 1883 quanto
1003 1805 1198 1878 subjiciuntur,
1219 1821 1282 1862 eum
1301 1805 1440 1861 aestimari
1460 1820 1568 1877 semper
1585 1805 1685 1878 possit,
1707 1805 1794 1877 qond-

167 1895 349 1969 puestantior
363 1899 406 1950 est
418 1893 490 1950 ratio
505 1895 572 1950 risu
598 1894 656 1951 Nec
669 1912 790 1969 unquam
802 1915 867 1955 acro
880 1915 954 1972 mag·
1004 1911 1070 1952 nam
1094 1911 1131 1951 ex
1151 1894 1224 1951 datis
1242 1893 1453 1951 circumstantiis
1474 1892 1645 1966 probabilius
1665 1893 1701 1948 sit
1719 1895 1794 1950 ium·

167 1983 258 2041 netiea
281 1984 344 2057 plus
362 1982 500 2040 wmmali
519 1983 712 2057 mvigantibns
735 1988 840 2060 attulh,
871 2003 955 2060 mam
1002 2000 1073 2041 rum
1116 1983 1242 2056 Denique
1259 1982 1307 2055 qui
1327 1987 1401 2039 carto
1420 1997 1564 2055 persuasus
1577 1987 1620 2038 est
1633 1982 1668 2038 de
1683 1983 1793 2056 religio

168 2073 233 2129 laec
251 2087 387 2144 emnsura
411 2071 660 2144 experimentorum
682 2090 758 2131 mam
781 2077 955 2134 tranantibus
1004 2073 1047 2129 nis
1065 2073 1181 2128 venato
1199 2076 1228 2128 et
1245 2070 1319 2146 qued
1339 2071 1402 2127 hinc
1416 2071 1537 2143 sequitur
1551 2075 1628 2126 tanta
1641 2070 1712 2126 alios
1724 2071 1794 2128 cari-

168 2163 245 2218 ieret
287 2160 364 2225 Quae
378 2160 435 2217 alia
447 2160 513 2217 inde
526 2167 723 2234 consequentur
735 2164 766 2220 in
779 2167 899 2222 istorum
912 2181 956 2221 ar·
1003 2166 1061 2218 tate
1079 2158 1281 2234 complectitur,
1302 2164 1333 2214 ut
1346 2163 1423 2232 optet
1437 2160 1543 2232 generis
1556 2159 1669 2214 humani
1683 2175 1795 2216 conme-

168 2249 254 2306 bitrio
267 2253 322 2319 esu
336 2248 389 2303 nisi
404 2264 505 2322 magua
519 2255 612 2306 auteur
625 2255 654 2306 et
667 2251 742 2308 bona
754 2270 814 2310 ease
824 2249 881 2311 don
892 2270 956 2327 pos·
1004 2250 1124 2322 sienae,
1144 2249 1168 2305 is
1186 2253 1271 2322 nate,
1291 2247 1341 2304 ubi
1362 2249 1428 2305 haee
1443 2248 1590 2322 intelliget,
1612 2248 1743 2304 fatebitur
1756 2249 1794 2305 ad

168 2341 244 2401 aunt
269 2336 342 2392 Nam
355 2337 418 2393 aliis
432 2337 561 2394 omnibus
575 2339 687 2395 dotibus
700 2342 825 2398 homiues
840 2343 956 2400 deterio-
1003 2339 1208 2414 pensandam
1221 2338 1302 2395 iidem
1316 2341 1422 2410 praee
1436 2337 1566 2393 miracula
1578 2343 1607 2392 et
1616 2337 1792 2393 mnetitatem

168 2441 212 2482 res
224 2426 303 2482 reddi
315 2429 439 2500 meunt,
453 2427 513 2483 solu
526 2433 600 2484 reeta
614 2428 686 2484 ratio
696 2429 750 2487 nisi
760 2432 886 2488 minens
895 2448 956 2488 esse
1003 2428 1122 2485 herinis
1139 2426 1281 2497 eujusmm
1296 2426 1460 2498 Apostolici‚
1480 2431 1529 2482 aut
1550 2425 1677 2482 victorias
1699 2428 1793 2499 magni

168 2530 226 2570 non
239 2519 338 2588 potest
380 2515 494 2571 Rotam
514 2521 606 2572 autom
623 2522 683 2573 tum
697 2519 881 2576 demumfore
894 2519 955 2592 quis
1004 2517 1181 2589 Menarchus,
1202 2515 1270 2571 nihil
1289 2515 1425 2571 efficacius
1446 2515 1496 2570 hoe
1510 2515 1623 2570 invento
1636 2530 1708 2586 seseq
1728 2531 1795 2571 nam

168 2603 285 2676 dubitet,
298 2618 362 2660 urm
376 2619 461 2676 aeque
475 2605 549 2661 clara
561 2608 687 2679 certaque
701 2607 802 2681 ubique
811 2609 865 2666 erit
874 2612 957 2682 atque
1004 2606 1054 2662 nbi
1067 2605 1151 2662 sarnel
1166 2622 1183 2660 a
1197 2604 1378 2661 liissiomis
1396 2603 1462 2659 llaec
1480 2603 1574 2676 lingua
1593 2602 1729 2659 introduci
1745 2620 1795 2677 ρο·

169 2690 202 2747 in
220 2691 400 2748 Arithmetica
423 2693 551 2749 bacteuus
578 2695 639 2750 urit
681 2696 777 2769 ltaque
798 2697 956 2770 importuna
1005 2694 1083 2768 terit,
1103 2693 1199 2767 rebgio
1213 2709 1291 2765 vua,
1311 2707 1381 2764 qnae
1400 2692 1521 2748 maxime
1536 2692 1635 2748 raboni
1650 2699 1795 2749 consenta-

169 2779 219 2838 illu
232 2778 352 2849 obiectio
365 2780 483 2836 cessabit
487 2821 495 2853 ‚
515 2796 570 2853 qna
589 2798 663 2838 nune
675 2784 745 2840 alter
758 2786 876 2841 alterum
890 2802 955 2843 oxa-
1004 2800 1061 2839 usa
1070 2787 1120 2856 ml,
1135 2782 1259 2839 stabilita
1272 2782 1326 2838 erit
1338 2784 1367 2837 et
1383 2796 1440 2837 non
1449 2780 1536 2854 magis
1547 2781 1576 2836 in
1587 2784 1727 2854 posterum
1740 2797 1797 2837 me·

170 2866 258 2941 gitare
276 2868 347 2923 solet
366 2872 395 2923 et
412 2882 483 2940 quae
505 2869 638 2942 plurim
662 2888 680 2928 a
700 2874 881 2931 ratiocinandi
907 2892 956 2931 vo·
1005 2872 1107 2928 menda
1121 2872 1174 2928 erit
1187 2870 1347 2944 ripuensis,
1367 2885 1450 2942 quam
1469 2887 1506 2926 ue
1518 2869 1644 2926 hemines
1658 2870 1796 2927 Aritlrme-

170 2955 275 3011 memte
294 2956 408 3028 averet,
428 2956 560 3013 nimirum
578 2977 641 3015 cum
659 2961 721 3032 quis
740 2967 953 3039 argumentum,
1005 2961 1088 3017 ticam
1101 2965 1150 3016 aut
1163 2961 1363 3032 Geomehr'am,
1379 2974 1462 3031 quam
1476 2958 1560 3015 semel
1574 2959 1707 3030 didicere,
1728 2975 1796 3015 mox

169 3043 240 3100 alta
260 3060 317 3100 non
336 3049 394 3100 tam
412 3045 555 3102 exenium
575 3057 766 3121 argumentum
785 3068 868 3125 quom
887 3052 956 3110 illud
1006 3051 1147 3107 damnem.
1166 3035 1374 3122 itaquesepeto‚
1388 3048 1554 3120 quodsaepe
1565 3047 1633 3121 dixi,
1644 3047 1795 3122 hominem,

169 3132 296 3204 gmmale
320 3132 441 3206 reponit:
477 3135 549 3190 nude
568 3136 610 3192 'l'n
635 3139 708 3194 nosti
726 3145 803 3198 tuam
820 3142 957 3198 rationem
1006 3138 1054 3213 qui
1073 3152 1161 3210 neque
1175 3137 1310 3210 Propheta
1323 3137 1360 3191 sit
1374 3152 1463 3209 neque
1476 3136 1615 3209 princeps,
1636 3135 1727 3205 maius
1746 3137 1798 3192 ali·

170 3234 234 3276 mea
246 3221 406 3278 reetiorcmi
428 3223 502 3295 qnod
515 3222 599 3280 habes
611 3224 740 3284 eriterr‘m
755 3230 893 3286 venetis?
922 3231 958 3287 Et
1007 3227 1073 3300 quid
1095 3226 1201 3298 generis
1220 3225 1333 3283 humani
1353 3225 1427 3282 bono
1447 3241 1496 3281 nee
1511 3225 1622 3281 dirime
1635 3225 1739 3298 glorioe
1752 3241 1798 3281 ac·

170 3307 195 3363 a'
215 3308 291 3381 prior
309 3308 345 3367 ed
365 3316 525 3384 argumenta
542 3329 592 3370 sua
605 3322 747 3390 provocet,
768 3323 833 3375 tune
847 3319 959 3376 alterius
1006 3314 1205 3372 commodatius
1220 3316 1355 3388 suscipere
1373 3329 1514 3388 nmquam
1528 3330 1615 3386 pom
1658 3314 1710 3370 Sed
1724 3313 1798 3369 ultr-a

131 3434 134 3441 -
169 3396 304 3469 mlierrtia
313 3397 404 3455 delicit
412 3401 599 3458 examinandi.
614 3404 776 3479 Plerumque
786 3407 860 3464 enim
870 3409 958 3464 multa
1006 3404 1092 3461 verba
1110 3404 1231 3460 eundum
1245 3408 1295 3460 est.
1337 3403 1407 3460 Cmn
1420 3419 1486 3460 vero
1500 3402 1538 3458 ob
1552 3402 1742 3458 admirabilem
1755 3419 1798 3458 re·

170 3485 321 3543 ιᾱωοᾱιιω
333 3488 495 3546 mentienda
510 3495 575 3547 suut
588 3497 617 3548 et
629 3494 735 3566 aliquot
744 3496 958 3569 septimanarum
1007 3510 1069 3550 rum
1082 3493 1283 3550 connexionem
1296 3508 1445 3565 panarum
1459 3508 1565 3563 rerum,
1580 3492 1618 3548 ab
1631 3492 1695 3547 aliis
1708 3491 1799 3548 diver·

172 3575 280 3633 iuturus
298 3581 371 3633 esset
383 3577 464 3634 labor
482 3583 603 3652 receptas
617 3581 747 3639 mannus
765 3585 959 3641 mlioeinandi·
1008 3571 1796 3655 mmmnummosdumetoristicosdarediiiieillimumsit,

172 3663 245 3736 leges
260 3669 393 3722 somnne
412 3667 508 3740 ltaque
516 3672 579 3742 post
588 3671 703 3730 multam
713 3673 893 3746 mationem
902 3674 959 3748 ple·
982 3688 985 3733 ι
1008 3671 1072 3728 ideo
1096 3671 1206 3746 elegans
1230 3671 1260 3726 ni
1284 3670 1366 3727 iallnr
1389 3669 1532 3726 artificium
1550 3668 1721 3741 excogitavi,
1743 3684 1799 3741 qno

171 3767 287 3825 rumque
295 3754 407 3837 aflatus
417 3756 847 3836 potiusquamratioueeviuumt,
858 3767 959 3820 eroon
1010 3761 1116 3818 esoendi
1141 3760 1241 3835 possit,
1268 3760 1341 3831 quod
1361 3758 1583 3816 ratiocinationes
1602 3774 1651 3831 por
1670 3773 1799 3813 numeros

170 3842 318 3898 heresias
331 3842 450 3917 abrupto
463 3846 556 3918 potius
568 3847 642 3904 uodo
656 3849 762 3906 Gordiu
775 3866 857 3923 marn
868 3853 961 3909 soluto
1009 3849 1189 3922 comprobare
1202 3849 1290 3905 liceat
1312 3847 1400 3921 lingo
1414 3849 1506 3919 itaque
1519 3862 1648 3902 nameus
1662 3847 1799 3902 ώοτοοίο·

170 3928 357 3986 murus.
400 3933 461 3990 Hoc
479 3933 605 4008 inprimis
623 3936 654 3993 iit
673 3937 704 3993 in
718 3939 960 3999 deliberationibus
1010 3938 1207 4012 ostiensibus,
1222 3942 1364 4011 mutnpere
1378 3936 1531 4008 mirabiles,
1546 3935 1603 3991 iam
1617 3935 1691 4007 dari,
1707 3935 1800 3991 obser*

39 4108 44 4120 .
112 4076 116 4083 Α
171 4016 208 4073 ed
222 4017 308 4074 utam
322 4020 528 4096 pertinentibus,
544 4023 592 4091 ώί
604 4024 707 4098 aliquid
717 4029 892 4086 sumendum
902 4035 959 4102 est3
1010 4032 1128 4101 vatame
1146 4027 1257 4083 illorum
1271 4025 1390 4100 generali
1404 4025 1568 4099 proprietate
1582 4024 1717 4097 quedam,
1738 4024 1801 4079 tali·

171 4105 220 4161 sed
232 4107 377 4163 commoda
390 4114 473 4184 atque
485 4111 660 4170 incommoda
678 4108 767 4193 (quae
780 4135 862 4192 saepe
876 4120 962 4176 utfin-
1010 4118 1063 4174 bus
1076 4116 1209 4188 numnis,
1231 4116 1429 4188 qualescunque
1447 4113 1558 4170 interim
1571 4128 1694 4185 ammo,
1715 4128 1801 4185 usque

171 4208 225 4266 qne
237 4195 325 4251 multa
339 4196 424 4269 sunt)
443 4199 563 4257 velutin
577 4202 684 4261 bilance
697 4207 855 4264 maminme
868 4209 961 4282 paucis
1010 4206 1140 4263 adhibitis
1154 4204 1249 4261 statim
1262 4203 1383 4259 mirabili
1396 4203 1505 4259 ratione
1518 4217 1613 4256 omnes
1627 4201 1734 4274 mgrrlas
1748 4201 1800 4257 lo

172 4282 267 4339 datum
287 4288 336 4340 est.
380 4286 476 4359 ltaque
489 4296 571 4360 prout
583 4290 627 4348 bic
640 4308 734 4367 unam,
748 4295 797 4352 ille
810 4297 894 4353 aliam
909 4298 961 4354 cir·
1011 4294 1083 4368 gisus
1097 4310 1146 4366 per
1159 4308 1287 4350 sumens
1300 4292 1457 4348 demonstro
1471 4296 1500 4346 et
1514 4290 1643 4362 ostendo,
1662 4289 1801 4362 mouendo

170 4373 364 4429 unmnnam
384 4375 555 4448 eloquentius
573 4383 601 4433 et
619 4382 753 4440 eifimdus
772 4384 825 4455 sibi
845 4385 961 4458 aliaeue
1010 4382 1136 4455 eogrrosei
1161 4381 1249 4455 possit
1267 4397 1305 4437 an
1323 4380 1572 4453 argumentationes
1592 4379 1727 4450 quaedam
1745 4379 1801 4434 sint

172 4465 387 4535 fflimsflssiflfflr
414 4478 512 4521 0¹7¹&
530 4471 560 4522 et
577 4466 689 4541 Pingere
708 4473 800 4546 novit,
826 4478 959 4546 moreau,
1000 4471 1041 4527 1ἰιι
1060 4474 1149 4529 ferma
1167 4471 1265 4527 bonae
1309 4469 1355 4524 An
1375 4486 1441 4526 vero
1455 4471 1615 4541 urgumema
1628 4466 1657 4521 vi
1671 4467 1802 4523 materiae

171 4554 221 4604 aut
233 4549 341 4606 animos
353 4551 496 4609 bominum
509 4570 601 4611 secum
616 4558 698 4632 rapit,
713 4561 872 4634 praesertim
886 4563 961 4619 siai·
984 4612 987 4651 Ι
1011 4561 1087 4616 bona
1106 4559 1164 4614 sint
1181 4563 1230 4615 ant
1249 4558 1428 4633 mnelndant,
1455 4562 1515 4613 tum
1534 4557 1645 4612 demum
1664 4555 1725 4611 sine
1743 4555 1802 4610 ullo

172 4637 288 4695 lacubus
307 4654 402 4696 eorum
421 4647 512 4700 astute
530 4646 630 4703 autu.
673 4647 727 4711 Qui
746 4666 812 4706 vero
824 4651 856 4706 in
868 4651 961 4725 aliqua
984 4658 987 4690 ³
1011 4649 1106 4705 labore
1125 4647 1212 4706 aninri
1233 4651 1282 4704 aut
1301 4648 1411 4705 errandi
1426 4646 1546 4720 periculo
1556 4643 1675 4714 judicari
1690 4643 1800 4718 poterit,

172 4727 370 4784 rennuens
383 4733 471 4787 nem
484 4732 613 4806 nenne
627 4734 751 4793 anunm
761 4739 961 4813 napaeos-
984 4715 988 4827 l
1010 4754 1073 4795 eum
1102 4736 1155 4811 ρο
1183 4736 1241 4794 ves
1271 4737 1379 4795 numen
1404 4734 1576 4794 maome
1602 4749 1694 4790 emm
1720 4731 1802 4789 nane-

173 4817 250 4890 pensi
274 4816 437 4894 cubrlnnarc,
464 4820 556 4878 idest
575 4824 961 4888 commodastinoommeda
983 4866 986 4901 ,
1010 4827 1122 4886 buntur.
