3706 5828
183 339 248 407 160
451 324 460 349 '
788 343 820 402 1.
863 342 1200 402 nunsnnmunn

181 495 247 552 dare
277 490 332 548 sibi
360 503 418 544 uon
443 488 548 561 potest,
575 502 632 542 non
659 500 740 560 posse
768 502 818 560 per
846 502 876 543 se
904 501 969 543 con-
1019 501 1101 560 supra
1114 485 1198 542 citato
1211 483 1263 541 snb
1278 483 1389 542 initium
1402 483 1484 555 bajus
1499 484 1712 543 schediasmatie
1747 484 1808 542 Hoc

179 590 287 640 trnuare
300 582 421 649 motum,
441 577 541 632 minum
555 575 653 630 meritc
666 574 812 631 videbitur.
855 575 970 632 Constat
1018 573 1043 630 si
1058 566 1107 650 (ut
1120 590 1157 630 ex
1171 573 1262 630 vertis
1274 567 1422 650 apparet,)
1441 591 1477 630 eo
1491 589 1572 630 sensu
1587 574 1732 649 accipitur,
1751 589 1808 647 quo

178 672 254 729 enim
267 667 366 742 potins,
386 663 619 738 quemadmodum
633 661 663 718 vi
676 679 745 737 opus
759 666 801 720 est
813 661 850 719 ad
861 668 969 720 motum
1017 661 1139 718 animam
1153 662 1263 719 divium
1271 662 1434 736 particulam
1443 679 1527 719 aurae
1537 663 1660 736 dicimus,
1672 661 1734 732 jam
1744 662 1808 718 mb-

178 760 308 829 dandum,
323 755 363 812 ita
377 754 442 810 dato
456 752 541 808 semel
555 752 673 825 impetu,
688 756 798 808 tanturn
811 752 921 827 abesse,
936 756 969 809 ut
1017 750 1075 807 lata
1093 752 1166 807 inter
1184 767 1236 808 nos
1256 755 1368 807 eatenus
1380 743 1565 808 contrmersia
1579 752 1639 808 erit
1683 751 1738 807 Sed
1750 767 1806 823 qno

177 848 208 904 vi
232 862 306 903 nova
326 844 363 899 sit
383 858 452 915 opus
473 841 508 897 ad
527 840 756 915 continuandum,
782 844 815 896 ut
828 841 920 913 potins
934 857 968 898 ea
1017 839 1108 895 minna
1121 841 1191 896 banc
1203 843 1323 896 mentem
1338 840 1423 913 ipsiu
1435 842 1573 896 allirruare
1587 840 1713 913 audeam,
1728 840 1804 914 lacit,

177 953 246 1009 opus
270 935 307 991 sit
331 931 368 988 ad
393 930 555 987 sistendum.
599 928 672 984 Nam
690 928 861 986 consermtio
881 929 931 985 illa
949 947 967 986 a
1017 928 1090 1000 qnod
1109 928 1158 984 vix
1176 929 1285 1003 uspiam
1301 928 1368 986 alibi
1391 928 1472 984 video
1492 929 1548 985 tale
1567 929 1670 1001 aliquid
1690 929 1804 1002 abipso

177 1041 260 1083 eausa
277 1019 427 1078 universali
449 1018 532 1075 rebus
550 1017 718 1090 necessaria,
736 1015 817 1087 lrrqius
836 1017 891 1074 loci
909 1034 967 1074 non
1015 1016 1101 1090 tradi,
1120 1019 1169 1073 aut
1186 1032 1257 1089 quae
1277 1017 1342 1074 inde
1356 1023 1557 1090 consequantur
1569 1017 1687 1090 exponi,
1707 1021 1805 1074 contra

177 1120 228 1186 est,
238 1128 309 1186 quae
319 1115 352 1166 ut
360 1107 422 1177 jam
432 1107 599 1180 monuimus,
614 1106 638 1161 si
655 1106 763 1163 tolleret
772 1121 866 1163 rernm
875 1108 966 1164 etliea·
1016 1117 1081 1162 vero
1094 1105 1296 1178 animadverto,
1315 1122 1385 1178 qnae
1399 1107 1501 1179 passim
1514 1105 1606 1180 labet,
1620 1106 1683 1162 lruic
1696 1111 1805 1162 senten·

176 1204 257 1274 ciam
271 1201 355 1257 etiam
368 1196 477 1252 tolleret
486 1193 698 1251 subsistentiam
1015 1194 1071 1250 tiae
1084 1210 1182 1268 parum
1191 1194 1346 1267 colmerere,
1368 1194 1589 1252 dissertationem
1603 1198 1695 1251 antem
1709 1194 1803 1267 apolo-

224 1289 273 1345 15.
293 1288 337 1344 En
356 1284 455 1359 quibus
473 1299 565 1340 mrsus
585 1282 759 1356 intelligitur,
780 1280 934 1339 doctrinam
946 1299 965 1338 a
1014 1283 1130 1356 getiearn
1144 1283 1173 1339 in
1188 1282 1243 1338 alia
1257 1282 1352 1338 omnia
1364 1284 1412 1340 ire.
1434 1285 1505 1340 Sane
1518 1300 1581 1355 curn
1593 1284 1714 1357 primurn
1725 1299 1803 1339 ureae

175 1377 315 1436 nonnullis
349 1375 549 1448 propugnatum
579 1387 724 1428 causamm
753 1371 964 1428 occasionalinm
1013 1371 1043 1427 in
1068 1371 1146 1428 Actis
1170 1371 1347 1428 Eruditorum
1369 1372 1555 1445 lipsiemibus
1580 1388 1675 1428 mense
1699 1372 1802 1428 Martio

176 1463 250 1547 (nisi
263 1466 305 1522 ita
317 1462 476 1536 explicetur,
491 1466 523 1516 ut
536 1464 750 1534 temperamenta
763 1459 886 1516 adbiberi
900 1476 964 1533 pos·
1017 1459 1109 1515 1694.
1130 1460 1164 1517 de
1193 1459 1222 1515 vi
1241 1459 1324 1517 insita
1345 1460 1473 1536 prolatae
1497 1462 1665 1533 sententiae,
1693 1454 1802 1537 (quam

174 1557 244 1629 sint,
270 1569 342 1627 quae
363 1551 402 1607 cl.
422 1549 592 1606 Stnrmins
613 1548 714 1622 partim
732 1548 846 1605 admisit
861 1549 963 1622 partim
1012 1564 1094 1621 porro
1112 1548 1232 1605 illustrat
1250 1549 1387 1623 specimen
1406 1565 1499 1606 meum
1516 1551 1692 1621 dynanrieum
1710 1549 1741 1604 in
1754 1549 1802 1604 iis·

174 1645 341 1702 adrrrissurns
359 1632 491 1710 videtur)
511 1637 670 1711 periculosis
693 1637 892 1711 consequentiis
912 1637 962 1694 ob·
1011 1637 1075 1693 dem
1091 1637 1159 1693 actis
1174 1636 1262 1710 April.
1281 1632 1387 1715 1695.)
1406 1639 1541 1711 quaedam
1554 1657 1604 1713 per
1617 1639 1712 1695 literas
1724 1636 1802 1706 obje-

173 1733 289 1790 noxiam
314 1745 387 1802 esse,
415 1725 580 1783 doctissimis
598 1725 663 1782 licet
682 1725 871 1782 defensoribus
888 1725 960 1783 band
1010 1726 1105 1800 daret,
1126 1741 1194 1783 mox
1211 1731 1321 1800 accepta
1339 1727 1516 1802 responsione
1535 1743 1611 1800 mea,
1632 1726 1800 1801 perbenigne

151 1816 256 1878 'dubie
269 1819 372 1875 invitis.
404 1815 525 1872 Tantum
541 1814 616 1871 enim
630 1815 716 1887 abest,
733 1820 764 1870 ut
776 1810 830 1871 Dei
844 1815 961 1887 gloriam
1006 1812 1142 1883 judicavit
1161 1814 1268 1871 nullum
1286 1815 1360 1872 inter
1380 1833 1431 1872 nos
1450 1832 1509 1872 esse
1522 1816 1681 1888 discrimen,
1700 1815 1755 1870 nisi
1768 1815 1800 1871 in

172 1912 286 1983 augent,
310 1904 433 1963 tollendo
452 1904 557 1960 idolum
576 1906 706 1974 naturae,
725 1909 757 1961 ut
770 1902 862 1977 potins
878 1903 960 1960 rebus
1009 1903 1138 1976 loquendi
1151 1904 1251 1973 mod0;
1264 1904 1338 1977 quod
1352 1921 1416 1962 cunr
1429 1921 1480 1976 ego
1494 1905 1724 1977 animadvertens,
1738 1919 1800 1960 mo-

171 1997 270 2056 ereatis
283 1997 314 2052 in
328 1993 417 2051 nudas
430 1992 541 2049 divinae
555 1991 635 2047 arrius
645 1991 961 2048 substantiaemodiliea·
1009 1991 1130 2048 nuissem
1154 1993 1240 2049 erlbac
1257 1993 1403 2066 nonnulla,
1424 1993 1483 2067 ipse
1498 1993 1559 2063 jam
1578 1994 1608 2049 iu
1628 1992 1799 2050 scunarium

171 2088 262 2144 tiones
281 2080 520 2154 evanescentibus,
547 2096 584 2135 ex
603 2079 665 2136 Deo
685 2082 789 2137 lactura
808 2096 871 2137 curn
890 2081 960 2155 Spi-
1009 2097 1111 2154 versus,
1126 2082 1205 2153 plura
1219 2081 1291 2138 inter
1305 2099 1356 2138 nos
1370 2081 1528 2139 discrimina
1543 2082 1645 2156 posuit,
1659 2096 1730 2154 quae
1744 2097 1797 2153 ego

170 2191 257 2233 noea
270 2173 395 2230 videatur
407 2170 497 2244 ipsam
510 2185 601 2224 rerum
614 2172 756 2242 narnam3
769 2185 832 2226 curn
845 2170 875 2225 id
885 2171 959 2242 quod
1009 2185 1141 2243 agnoseo:
1160 2169 1261 2243 vixque
1281 2170 1323 2226 bis
1342 2172 1458 2228 exemtis
1472 2171 1585 2227 tandem
1600 2171 1748 2226 novissime
1760 2186 1797 2226 eo

169 2281 227 2322 non
241 2262 315 2337 agit,
336 2259 408 2334 quod
423 2258 452 2314 vi
468 2257 557 2314 activa
571 2262 657 2330 aret,
672 2257 747 2330 qnod
760 2258 959 2316 discriminabi·
1008 2258 1104 2331 rediit,
1124 2262 1157 2314 nt
1170 2258 1261 2317 denuo
1274 2259 1418 2334 scriberet,
1438 2258 1492 2316 nisi
1507 2261 1653 2316 verborum
1667 2258 1795 2315 differen-

169 2354 261 2426 litatc,
286 2350 361 2424 quod
381 2346 499 2420 denique
517 2346 594 2401 omni
612 2346 780 2403 subsistendi
800 2346 907 2403 ratione
926 2364 959 2404 ac
1008 2346 1077 2402 tiam
1090 2347 1164 2404 inter
1176 2363 1227 2403 nos
1240 2365 1299 2404 esse
1314 2349 1432 2422 nullam,
1447 2348 1521 2422 quod
1536 2349 1604 2404 mibi
1619 2351 1739 2404 ltrtmnm
1753 2364 1797 2404 es·

168 2442 347 2500 fundamento
360 2436 501 2512 spoliatur,
515 2435 698 2492 substantiam
710 2450 769 2491 esse
783 2436 860 2492 unllo
875 2436 958 2492 modo
1007 2439 1049 2492 set
1062 2436 1255 2508 gratiaeimnm.
1289 2436 1370 2493 Volui
1384 2455 1458 2511 ergo,
1474 2437 1614 2494 occasione
1627 2436 1796 2493 noussimae

167 2529 263 2606 possit
306 2526 462 2584 Certissima
482 2538 641 2598 persuasum
654 2523 722 2580 mibi
736 2527 790 2597 et,
810 2525 850 2581 Cl.
864 2524 957 2581 Star·
1007 2523 1204 2581 metationis
1222 2525 1420 2600 apologeticae,
1446 2541 1504 2582 nem
1524 2525 1565 2581 ita
1583 2541 1736 2600 exponere,
1763 2527 1796 2581 ut

168 2620 286 2690 mium,
306 2616 397 2672 virum
410 2617 439 2669 et
452 2612 555 2686 pietate
569 2616 598 2668 et
612 2612 737 2669 doctrina
750 2610 899 2686 insignem,
919 2612 957 2670 ab
1005 2612 1124 2684 denique
1142 2617 1171 2671 et
1192 2613 1226 2669 de
1239 2614 1375 2670 sententia
1388 2614 1530 2688 cuiusque,
1552 2617 1581 2670 et
1594 2614 1629 2670 de
1643 2613 1795 2670 sartamine

166 2709 210 2767 bis
226 2704 369 2779 portentis
392 2719 451 2759 esse
470 2700 677 2758 alienissimum.
725 2701 821 2779 ltaque
841 2700 957 2758 dubium
1005 2701 1120 2758 veritate
1132 2705 1257 2758 constare
1278 2703 1384 2758 malins
1398 2704 1493 2777 possit.
1537 2702 1588 2758 Est
1600 2703 1675 2758 enim
1689 2700 1793 2774 alioqui

165 2797 273 2855 nullum
292 2797 347 2866 est,
367 2794 416 2848 aut
434 2793 606 2846 ostenanmm
627 2805 685 2844 mse
703 2787 824 2863 liquido,
844 2804 900 2862 qna
912 2806 957 2845 ra·
1005 2805 1105 2862 magna
1127 2789 1186 2846 Viri
1205 2790 1305 2863 egregii
1331 2791 1401 2847 etin
1416 2791 1603 2866 perspiciendo
1617 2791 1744 2863 solertia,
1763 2793 1794 2846 et

166 2885 243 2942 tione
260 2883 372 2938 maneat
389 2878 483 2951 aliqua
500 2876 531 2932 in
545 2877 626 2933 rebus
639 2876 793 2933 substantia
810 2878 855 2934 vel
871 2878 955 2934 1111111
1004 2877 1180 2952 perspicuitas
1198 2877 1227 2934 in
1240 2879 1419 2953 exponend03
1440 2885 1472 2936 ut
1492 2895 1599 2954 sperem
1620 2879 1680 2949 dns
1699 2878 1794 2935 studio

165 2969 292 3045 variatio,
306 2969 382 3026 salva
395 2965 520 3024 doctrina
533 2981 591 3041 nra,
607 2969 656 3022 aut
669 2964 780 3022 veritati
789 2981 887 3024 manus
896 2980 955 3024 eme
1004 2982 1062 3021 nou
1079 2967 1207 3038 exiguam
1226 2971 1320 3023 antae
1334 2969 1373 3025 rei
1388 2969 1476 3025 lucem
1490 2969 1582 3025 afferri
1596 2985 1689 3042 posse,
1709 2972 1793 3040 atque

164 3061 301 3119 darum
1003 3054 1074 3110 adeo
1084 3055 1129 3110 vel
1140 3054 1203 3111 ideo
1212 3072 1271 3112 non
1281 3055 1407 3113 inutilem
1419 3059 1488 3115 banc
1499 3073 1613 3130 opernm
1621 3071 1711 3112 meam
1722 3060 1791 3128 lore,

212 3149 263 3206 la.
282 3146 362 3203 Certe
381 3158 437 3216 qno
456 3141 544 3215 magis
563 3140 712 3215 suspicem,
733 3145 855 3199 mentem
868 3141 954 3217 ipsius
1003 3143 1077 3215 qnod
1090 3143 1260 3201 comsioncm
1274 3146 1301 3200 ei
1317 3148 1432 3202 sortasse
1444 3147 1602 3220 praebitura
1616 3151 1672 3218 est,
1688 3161 1722 3200 ea
1734 3159 1791 3217 qua

163 3256 222 3297 non
246 3235 313 3292 satis
338 3231 406 3288 milri
423 3247 483 3286 eme
500 3234 682 3303 perspectam,
707 3247 758 3287 nec
778 3247 869 3288 meam
889 3231 951 3306 ipsi,
1003 3232 1074 3288 solet
1093 3232 1226 3289 industria
1240 3238 1270 3290 et
1288 3234 1316 3289 vi
1329 3233 1428 3303 jndicii
1443 3235 1614 3310 expendendi
1630 3238 1713 3306 atque
1728 3234 1790 3288 illn-

163 3328 251 3385 mnlta
265 3322 376 3381 facium
419 3318 529 3375 Alieubi
540 3321 628 3375 masas
641 3319 709 3376 mibi
724 3323 775 3393 est,
790 3337 878 3393 posse,
895 3319 952 3376 imo
975 3310 978 3320 ’
1002 3319 1108 3376 strandi
1127 3322 1260 3377 nonnulla
1280 3322 1394 3394 alicujus
1408 3323 1439 3380 in
1453 3325 1563 3397 negotio
1577 3327 1720 3397 praesente
1730 3338 1790 3379 nro·

162 3411 355 3490 quoddamodo
368 3407 452 3464 etiarn
467 3408 574 3479 debere,
590 3408 729 3478 quandam
743 3407 853 3464 dianae
866 3408 952 3464 virtu·
1001 3408 1088 3464 menti
1107 3411 1296 3483 praetermissa
1310 3412 1439 3468 hactenus
1453 3413 1489 3469 ab
1504 3412 1646 3469 autoribus
1660 3416 1688 3466 et
1702 3426 1721 3467 a
1734 3427 1789 3483 me,

163 3507 199 3562 tis
218 3500 382 3578 particulam
407 3491 453 3571 (id
470 3493 535 3569 est,
552 3499 584 3551 nt
599 3496 710 3569 opinor,
736 3496 950 3570 expressionem,
999 3495 1030 3553 ni
1044 3497 1125 3554 tallor
1137 3499 1217 3554 novis
1232 3504 1260 3555 et
1272 3498 1354 3555 altius
1367 3502 1505 3574 repertitis
1518 3506 1547 3557 et
1560 3502 1616 3557 late
1629 3500 1695 3556 nisis
1710 3501 1789 3555 anio-

160 3588 353 3662 imitationem,
373 3586 499 3642 effectum
514 3583 684 3658 maximum,
701 3600 767 3640 nam
781 3583 841 3657 ipsa
855 3585 950 3640 dvina
999 3584 1120 3642 metibus
1139 3587 1265 3643 nonnihil
1290 3589 1427 3663 suppleta,
1449 3605 1486 3645 ex
1510 3590 1608 3662 quibus
1631 3589 1788 3645 restitutum

161 3683 203 3738 vis
218 3683 248 3737 in
260 3682 352 3752 partes
365 3675 458 3747 utique
472 3674 558 3730 semri
571 3688 629 3727 non
642 3669 758 3746 potest)
777 3674 854 3728 velut
866 3673 948 3730 rebus
999 3675 1225 3748 emendatumque
1240 3680 1359 3746 systema
1378 3679 1484 3735 mediae
1503 3678 1576 3735 inter
1595 3678 1738 3734 lonnalcm
1758 3681 1788 3732 et

160 3769 314 3844 propriam,
335 3768 363 3822 et
381 3762 542 3821 attributam
561 3761 687 3834 intelligi.
731 3761 865 3818 Videatur
877 3776 948 3834 qaae
998 3764 1176 3820 materiarum
1190 3765 1376 3839 philosophiae
1390 3760 1548 3843 (conjuncta
1561 3770 1723 3841 servataque
1735 3766 1787 3825 rite

159 3856 227 3914 mibi
246 3852 404 3913 baunnissa
423 3850 532 3928 repetiit
550 3849 580 3906 in
593 3849 725 3921 Physieae
742 3849 947 3908 aeramnae
997 3846 1130 3933 unaque)
1145 3853 1220 3911 nasci
1234 3853 1343 3911 videtur
1355 3853 1504 3928 aliquando
1517 3871 1606 3931 pone.
