3706 5828
682 323 1074 385 PRAEFATIO.
1618 329 1702 394 Μ

59 457 155 525 theca
181 453 284 549 Regin
308 453 499 524 Hanorerae
529 478 601 524 esse
633 454 837 548 epistolarum
867 454 1012 526 Leibnitii
1044 454 1085 525 ad
1111 455 1284 525 Amaldum
1317 457 1470 542 datarum,
1502 460 1545 530 de
1582 463 1696 554 quibus

59 570 158 640 modo
190 570 288 640 locuti
313 594 442 655 sumus,
472 580 528 639 aut
560 593 685 653 omnes,
718 581 773 639 aut
805 581 891 640 certe
922 570 1047 640 multas.
1100 570 1210 662 ltaque
1241 595 1305 640 non
1338 570 1459 659 dubito,
1495 579 1571 668 quin
1604 578 1696 650 multi

60 687 279 779 exprobratam
305 689 369 755 sint
388 684 481 768 mihi,
511 684 612 777 quod,
641 707 716 754 cum
744 686 870 755 editioni
896 710 989 755 meae
1009 688 1195 755 inseruerim
1222 689 1396 779 fragmenta
1422 689 1537 759 inedita
1565 693 1721 760 minoris

59 804 225 884 momenh‘,
245 800 305 870 bas
324 803 411 892 ipsas
433 799 581 891 epistolas
602 824 667 870 nou
690 799 863 869 exhibeam.
901 801 964 869 Cui
977 801 1144 895 opprobrio
1165 800 1248 869 hanc
1270 824 1429 894 opponam
1444 808 1693 875 excusationem:

59 917 174 985 Exstat
194 916 322 1008 quidem
335 916 527 985 Hanoverae
545 919 628 985 inter
647 915 823 998 inscientiae,
845 916 958 1006 quibus
971 917 998 986 F
998 917 1110 986 ederus
1125 919 1315 985 commercia
1330 919 1489 1010 epistolica
1500 918 1699 992 Leibnitiana'

58 1032 222 1114 distribuit,
242 1054 336 1114 unus,
356 1033 410 1099 cui
423 1031 551 1100 Amaldi
571 1056 689 1102 nomen
710 1034 937 1126 praescriptum
951 1043 1009 1115 est,
1030 1035 1063 1100 in
1084 1054 1149 1122 quo
1170 1040 1277 1100 tamen
1298 1035 1381 1100 sicut
1393 1033 1522 1102 Amaldi
1542 1036 1582 1103 ad
1597 1034 1692 1105 Leib-

58 1150 174 1215 nitium
193 1144 372 1238 complures
392 1146 438 1214 ita
457 1143 601 1215 Leibnitii
622 1146 663 1214 ad
682 1146 856 1216 Amoldum
877 1146 1024 1239 epistolas
1046 1145 1148 1216 nullas
1168 1147 1316 1214 invenies
1354 1147 1524 1217 Adnotavit
1545 1149 1692 1220 adhunc

59 1260 409 1343 manumissent
430 1261 585 1329 exstitisse
605 1260 681 1329 olim
701 1265 735 1331 in
756 1260 950 1331 Bibhotbeca
972 1263 1074 1355 Regia
1094 1261 1183 1329 binas
1205 1260 1349 1329 Leibnitii
1371 1262 1412 1330 ad
1425 1262 1600 1333 llmaldum
1620 1264 1691 1334 lite·

58 1401 120 1461 ras,
141 1401 223 1446 unas
237 1376 358 1459 latinas,
380 1373 494 1444 alteras
515 1374 644 1467 gallicas
666 1400 784 1469 easque
804 1376 848 1444 nil
869 1379 930 1445 nisi
944 1376 1040 1445 verba
1061 1375 1201 1443 officiosa
1222 1379 1430 1445 continentes:
1452 1388 1605 1470 utrasque
1618 1404 1696 1452 vero

60 1516 98 1561 eo
120 1494 194 1584 ipso
214 1502 367 1583 tempore,
391 1514 455 1581 quo
477 1490 606 1558 Arnaldi
628 1491 777 1581 epistolae
798 1492 938 1561 llortieri
958 1489 1155 1560 hlarescballi
1178 1493 1271 1581 jussu
1292 1491 1602 1578 transscriberentur,
1630 1521 1694 1565 una

58 1631 134 1676 cum
155 1607 346 1700 apographis
367 1605 426 1674 illis
446 1604 653 1674 llareschallo
676 1607 804 1674 traditas
825 1630 904 1675 esse
947 1607 1044 1696 Atqui
1071 1626 1146 1671 cum
1166 1604 1363 1674 Bibliotheca
1383 1608 1486 1700 Regio
1512 1609 1693 1700 exemphun

58 1725 297 1813 transscripmm
319 1725 388 1813 ejus
410 1720 560 1813 epistolae
580 1743 646 1789 non
666 1723 841 1805 retinuerit,
867 1745 972 1812 neque
993 1745 1053 1812 ego
1076 1723 1231 1812 conjicere
1251 1724 1369 1812 possim
1392 1746 1456 1813 quo
1478 1723 1600 1806 abierit,
1622 1748 1692 1794 am-

58 1838 140 1930 plius
159 1839 349 1929 investigare
369 1860 433 1904 non
453 1837 551 1926 potui.
587 1835 660 1903 llea
681 1836 808 1930 quidem
830 1839 977 1928 opinione
991 1834 1140 1928 epistolae
1152 1833 1239 1917 illae,
1257 1835 1312 1903 ubi
1325 1859 1408 1904 auno
1422 1836 1691 1910 MDCCLXXVl

58 1963 163 2036 erant,
184 1952 227 2021 ibi
247 1954 343 2020 etiam
368 1974 453 2019 nunc
480 1953 675 2042 reperiantur
699 1974 832 2020 neceme
861 1961 926 2036 est,
959 1950 1095 2019 Parisiis
1141 1951 1246 2037 Quam
1268 1949 1378 2018 urbem
1400 1974 1475 2019 cum
1495 1953 1616 2022 visendi
1635 1979 1692 2024 oc-

57 2071 144 2137 casio
166 2068 246 2136 mihi
265 2090 368 2158 usque
389 2065 431 2134 ad
451 2064 538 2133 hunc
559 2065 642 2134 diem
664 2089 729 2134 non
749 2068 833 2134 lacta
855 2069 909 2149 sit,
930 2089 1094 2157 uunquam
1116 2066 1249 2132 tortasse
1271 2089 1306 2133 se
1328 2065 1483 2150 oblatura,
1512 2092 1565 2136 me
1585 2072 1695 2162 ipsum

57 2208 112 2252 cas
135 2181 284 2276 epistolas
304 2183 507 2249 inventarum
526 2204 592 2250 non
613 2204 716 2273 spero.
752 2179 867 2273 Neque
889 2191 995 2249 tamen
1016 2179 1220 2270 desperamus
1241 2183 1308 2249 iore
1328 2190 1366 2249 ut
1385 2180 1447 2249 hae
1469 2184 1620 2274 epistolae
1639 2208 1701 2255 re«

57 2309 250 2391 cuperentur
270 2307 304 2365 et
324 2298 464 2388 integrae
484 2297 518 2364 in
538 2294 645 2363 lucem
666 2297 826 2388 prodeant
871 2295 957 2364 Nam
979 2319 1053 2364 cum
1074 2294 1118 2362 lll
1141 2295 1317 2378 Cominus,
1338 2298 1386 2363 vir
1406 2298 1459 2364 cui
1487 2307 1554 2366 tam
1574 2299 1693 2368 multos

54 2418 126 2507 jam
146 2412 297 2482 debemus
317 2410 478 2480 literarum
499 2409 664 2479 thesauros
686 2411 815 2479 obrutos
836 2410 1002 2502 hucusque
1029 2410 1270 2502 deperditosque
1297 2410 1447 2492 creditos,
1479 2411 1607 2480 Parisiis
1629 2416 1689 2482 sso-

57 2539 182 2598 restet
200 2529 380 2619 nuperrime
400 2528 434 2594 in
454 2536 598 2593 nostrum
619 2529 818 2617 potissimum
840 2537 983 2594 autorem
1005 2527 1113 2595 oculos
1135 2528 1337 2608 converterit,
1365 2529 1455 2618 cujus
1476 2529 1522 2594 rei
1548 2528 1690 2617 praecla-

56 2667 131 2711 rum
158 2646 227 2736 ejus
253 2644 427 2735 fragmenta
453 2640 670 2733 philosophica
703 2641 871 2710 exhibeant
898 2641 1140 2725 documentum,
1171 2666 1241 2709 rem
1273 2663 1375 2732 paene
1401 2650 1506 2708 actam
1533 2653 1691 2733 putamus.

57 2759 126 2826 Etsi
146 2781 212 2827 non
232 2757 354 2826 hcuerit
375 2757 560 2845 exspectari,
582 2778 622 2823 ex
644 2780 708 2848 quo
730 2759 884 2824 universis
899 2755 1018 2823 Galliae
1038 2756 1135 2824 rebus
1149 2755 1344 2824 scholasticis
1362 2758 1486 2848 praesit,
1507 2757 1693 2847 ipsumhoc

56 2873 115 2941 sibi
136 2884 317 2941 sumturum
339 2895 410 2940 esse
431 2873 610 2963 negotium,
635 2881 743 2941 tamen
771 2871 845 2940 illud
866 2874 971 2963 ipsum
992 2895 1110 2939 munus
1132 2870 1294 2964 publicum
1315 2874 1440 2963 copiam
1467 2874 1496 2938 ci
1515 2874 1610 2941 faciet
1629 2876 1691 2941 im-

56 2988 194 3080 pellendi
215 2990 355 3080 juniores
376 2996 503 3054 utrem
524 2985 610 3056 haud
630 2987 790 3080 indignam
813 2987 1039 3079 aggrediantur.
1083 2986 1239 3078 Equidem
1266 3009 1341 3054 cum
1368 2984 1445 3052 mihi
1471 3009 1536 3055 non
1556 2991 1693 3077 patuerit

55 3103 160 3171 aditam
182 3101 223 3170 ad
250 3125 361 3170 omnes
386 3100 542 3191 epistolas,
571 3124 650 3192 quas
672 3101 843 3170 Leibnitius
865 3101 1001 3169 Amaldo
1029 3103 1210 3192 scripserat,
1244 3103 1371 3193 gavisus
1398 3125 1471 3169 sum
1499 3101 1585 3192 quod
1611 3103 1692 3171 haec

54 3222 125 3312 ipsa
143 3258 189 3268 -
211 3217 391 3285 ultimamm
405 3240 470 3285 una
488 3256 534 3269 —
552 3218 648 3284 inseri
662 3240 753 3284 meae
775 3216 900 3286 editioni
921 3218 1030 3308 potuit.
1087 3215 1150 3283 Cui
1168 3214 1274 3285 addidi
1294 3226 1478 3307 excerptum
1500 3239 1541 3283 ex
1561 3216 1692 3309 epistola

56 3331 325 3403 adchoullium
345 3333 471 3422 scripta,
493 3355 576 3422 quae
596 3332 696 3399 fusius
720 3331 854 3422 explicat
875 3330 1035 3422 quomodo
1056 3354 1122 3400 non
1143 3330 1247 3416 solum
1269 3333 1427 3423 quantitas
1445 3333 1559 3398 virium
1579 3334 1691 3399 motri-

57 3453 144 3518 cium
171 3447 283 3517 eadem
312 3469 438 3536 semper
464 3456 608 3528 maneat,
636 3445 692 3513 sed
720 3446 848 3515 directio
867 3449 972 3514 etiam
997 3457 1143 3514 motuum
1169 3449 1202 3513 in
1228 3456 1392 3514 aeternum
1419 3468 1490 3512 sese
1517 3455 1691 3513 conservet

57 3566 203 3645 Constat,
228 3565 262 3630 in
288 3563 349 3631 hac
376 3561 449 3653 lege
476 3585 603 3654 semper
623 3560 813 3629 Leibnitium
841 3564 912 3644 niti,
939 3584 1013 3628 cum
1036 3585 1095 3629 sua
1114 3561 1279 3630 harmonia
1300 3557 1508 3652 praestabiliter
1530 3559 1689 3628 Cartesia-

55 3703 171 3748 norum
193 3676 486 3747 occasionalismum
514 3700 610 3766 quem
632 3687 747 3744 vocant
768 3700 945 3768 repugnare
967 3677 1100 3744 studeat
1690 3667 1693 3672 ’

144 3791 271 3862 XXVI.
296 3792 356 3861 De
383 3815 477 3860 vera
503 3790 687 3861 methodo
714 3790 989 3883 philosophiae
1016 3802 1055 3858 et
1080 3788 1312 3881 theologiae
1359 3786 1451 3855 Hanc
1479 3786 1690 3877 scriptionem,

54 3908 198 3978 nondum
218 3918 312 3977 antea
332 3907 457 3989 editam,
478 3906 667 3975 Hnnoverae
686 3908 719 3973 in
732 3904 926 3973 Bibliotheca
944 3905 1046 3997 Regia
1068 3906 1274 3996 transscripsi,
1295 3904 1386 3993 eique
1406 3900 1492 3968 hunc
1515 3900 1587 3969 dedi
1613 3903 1690 3969 utun

54 4024 130 4093 lum
174 4021 290 4115 Neque
310 4021 497 4112 reprehendi
524 4044 578 4088 me
606 4043 698 4112 posse
720 4018 815 4087 credo
838 4021 922 4110 quod
945 4045 1016 4088 eam
1038 4044 1102 4089 non
1123 4021 1252 4110 propius
1281 4016 1321 4084 ad
1342 4013 1534 4083 collectionis
1564 4016 1688 4083 initium

56 4141 225 4232 posuerim.
269 4139 498 4231 Argumentum
520 4136 622 4218 docet,
645 4145 788 4203 autorem
810 4158 830 4200 a
852 4135 1098 4202 Cartssianismo
1118 4133 1213 4224 longe
1235 4132 1430 4213 discessisse,
1452 4127 1616 4220 multaque
1636 4152 1689 4197 re·

56 4265 207 4323 tractame
228 4278 311 4344 quae
328 4256 452 4346 juvenis
474 4252 642 4320 docuisset
683 4248 926 4341 Reprehendent
947 4248 1124 4317 lorsan'olii
1145 4249 1350 4330 contrarium,
1373 4250 1490 4336 quippe
1511 4245 1688 4333 provectio·

56 4373 98 4439 tis
120 4371 233 4437 aetatis
252 4392 335 4461 opas
356 4392 427 4436 esse
447 4367 678 4437 contendentes.
721 4366 785 4433 Vix
806 4364 909 4432 credo&
953 4363 1162 4431 Conferantur
1181 4360 1278 4430 modo
1300 4385 1384 4452 quae
1409 4360 1461 4428 hic
1482 4357 1628 4427 dicuntur
1649 4357 1691 4424 de

57 4483 253 4551 Eucharistia
280 4507 354 4551 cum
380 4486 428 4566 iis,
450 4506 532 4573 quae
553 4493 662 4573 postea
684 4503 758 4548 cum
779 4479 875 4546 Patre
895 4477 964 4544 Des
985 4478 1103 4543 Bosses
1129 4478 1374 4545 communicavit
1400 4474 1440 4541 de
1461 4473 1522 4542 hac
1547 4472 1617 4563 ipsa
1638 4494 1688 4541 rc:

55 4623 114 4668 nec
135 4598 243 4666 latebit
262 4598 437 4667 discrimen.
481 4599 649 4666 Praeterea
670 4618 711 4663 ex
731 4595 792 4662 hac
812 4591 962 4660 schedula
984 4590 1108 4659 elucere
1134 4591 1212 4659 mihi
1232 4591 1369 4672 videtur,
1395 4608 1434 4657 co
1455 4592 1524 4679 ipso
1547 4597 1690 4678 tempore

56 4713 272 4806 metaphysica
293 4716 362 4806 ejus
385 4712 534 4804 dogmata
554 4711 696 4780 nondum
716 4719 792 4777 nota
812 4709 917 4789 luisse,
939 4708 997 4773 etsi
1012 4704 1052 4772 od
1073 4728 1111 4772 ea
1124 4708 1328 4796 respiciatur,
1340 4728 1424 4796 quae
1443 4707 1477 4772 in
1497 4702 1689 4792 dissertatio-

55 4830 147 4897 nibus
167 4827 210 4898 de
231 4840 321 4898 motu
341 4830 498 4897 abstracto
526 4838 559 4895 et
579 4835 727 4895 concreto
756 4823 913 4891 docuerat
958 4819 1105 4912 Denique
1133 4831 1169 4887 ut
1190 4819 1274 4888 hunc
1295 4820 1400 4912 ipsum
1427 4817 1690 4888 eiadscribcrem

56 4943 173 5026 locum,
193 4946 292 5011 suasit
304 4954 526 5037 argumentum
541 4940 746 5010 articulorum
760 4939 968 5030 sequentium,
990 4959 1065 5004 cum
1088 4936 1200 5028 quibus
1221 4944 1306 5002 arcte
1320 4934 1519 5016 cohaereant,
1540 4956 1623 5024 quae
1636 4932 1690 5000 hic
1797 4938 1801 4943 ⁴

57 5058 95 5127 de
116 5082 286 5151 corporum
307 5061 489 5128 extersione
510 5057 637 5125 dixerat.

1331 5184 1350 5229 c
