3706 5828
426 306 553 371 xm.
587 304 1282 371 DENOEIONIBUSJURBHMM.
1601 305 1670 377 tls

51 448 437 529 fletidirimnihilert,
456 453 571 511 etnihil
588 453 830 529 pulchriusfelici·
848 460 851 469 “
871 450 917 511 aci
936 453 1005 523 toga
1022 451 1197 526 conrenhet,
1218 450 1270 508 scd
1287 449 1465 531 αύιιιωιι,
1486 457 1667 515 murnmah·

53 540 276 615 tncqnedignius
296 541 529 616 intelligipotert.
570 538 685 601 Etcum
704 542 831 600 idemsit
871 538 1096 615 quandorectim
1114 538 1325 611 hacjudioandi
1343 543 1450 621 forma,
1470 545 1666 621 cumipsercet

53 628 179 705 putridae
191 630 395 704 rapimtiaequa
408 646 546 707 summae,
566 631 682 690 felicitas
700 631 761 703 ejus
774 647 830 689 non
871 635 951 703 togas
964 627 1166 685 distribuendas
1179 633 1252 686 esset
1265 629 1419 690 habiturum.
1461 632 1590 708 Namque
1603 635 1667 709 ipsa

54 722 145 777 utum
159 718 310 789 ingreditur
322 725 458 791 codrum,
480 720 519 789 (si
532 721 665 795 npimus,
686 720 717 779 id
730 726 783 795 est,
804 720 830 777 si
870 719 994 790 acqiritas
1007 715 1090 774 nobis
1103 716 1133 774 iu
1143 717 1261 790 negotiis
1270 718 1319 789 jus
1328 721 1463 794 strictum,
1477 722 1507 781 id
1520 728 1564 781 est
1576 724 1666 781 hom·

54 806 130 881 ipsun
141 801 283 889 mamm)
301 808 350 867 red
363 814 392 867 et
405 809 482 868 facit.
524 809 597 875 Quia
609 815 704 867 autem
722 810 830 884 sapian-
870 822 938 863 num
949 805 1145 876 aequalitatem
1157 806 1348 884 commendat,
1369 810 1423 866 nisi
1435 826 1500 869 cum
1513 814 1605 884 gravis
1619 829 1665 871 ra-

55 896 85 951 tir
94 896 236 953 mitatem
254 897 373 969 dirigere
386 898 485 973 debet,
505 896 588 968 hrrjus
606 914 717 973 quoque
736 898 830 957 dedui-
871 895 911 950 tio
925 891 992 949 boni
1005 893 1122 963 nidoris
1141 896 1178 954 ab
1193 911 1227 953 ea
1239 897 1332 955 mdi
1345 896 1437 967 jubet.
1480 901 1665 961 Personarum

56 985 116 1042 tione
128 1000 199 1060 opus
213 986 278 1043 erit.
314 986 444 1045 Arbitror
457 990 549 1044 autem
564 988 672 1045 notioni
687 988 828 1044 hominum
869 984 965 1040 autem
985 997 1056 1054 quae
1070 987 1183 1041 vccatm
1201 986 1323 1061 acceptio
1343 1003 1423 1045 suam
1442 1004 1497 1046 non
1517 989 1546 1046 iu
1565 990 1666 1048 alienis

56 1072 146 1148 optima
158 1074 297 1150 ntisticri,
312 1076 343 1132 si
363 1076 579 1151 sapientiam
598 1077 668 1134 nihil
681 1074 757 1133 aliud
769 1089 829 1129 esse
870 1070 954 1127 bonis
967 1073 1183 1148 commutandis,
1204 1074 1254 1131 sed
1267 1074 1299 1131 in
1311 1076 1413 1133 nostris
1427 1077 1472 1135 rel
1490 1078 1608 1152 publicis
1622 1079 1664 1139 di-

57 1160 176 1237 dimmm,
203 1178 287 1237 quam
315 1164 406 1238 ipsam
426 1165 569 1223 scientiam
596 1163 741 1222 felicitatis.
785 1161 829 1218 lta
870 1159 1037 1216 atribuendis
1051 1160 1145 1217 sedem
1158 1161 1250 1221 habet.

58 1266 133 1307 rurus
146 1251 385 1309 infelicitatis
399 1255 543 1311 notionem
556 1250 731 1326 revolvimur,
745 1265 829 1325 qnam
914 1247 1077 1322 supremum
1096 1250 1173 1307 iuris
1197 1251 1315 1322 madum
1339 1253 1488 1328 probitatis
1507 1254 1552 1311 rel
1571 1257 1666 1330 potius

58 1340 177 1413 aptiora
190 1339 272 1410 hujus
285 1340 340 1397 loci
353 1358 411 1400 non
424 1346 477 1399 ast.
871 1335 1024 1411 pietatis
1043 1339 1155 1396 nomine
1169 1341 1317 1415 appellavi.
1360 1341 1433 1399 Nam
1448 1343 1578 1401 hacteuus
1591 1344 1666 1403 dicta

90 1428 130 1485 Er
147 1428 200 1487 hoc
216 1429 279 1500 jam
300 1431 378 1487 fonto
399 1432 460 1488 fluit
476 1430 535 1501 jus
557 1431 725 1503 naturae,
752 1426 831 1497 cnjus
872 1426 913 1482 sic
926 1425 1012 1500 accipi
1026 1434 1153 1502 possunt,
1168 1435 1201 1485 ut
1213 1428 1288 1487 intra
1301 1432 1426 1488 mortalis
1440 1434 1514 1489 vitae
1527 1440 1667 1508 respectus

61 1520 119 1572 tres
141 1521 205 1575 suut
225 1518 369 1592 gradus,
393 1518 452 1588 jus
477 1515 641 1573 strictum
667 1516 698 1573 iu
720 1513 832 1586 justitie
872 1518 1057 1573 coemuntur.
1102 1517 1140 1574 Et
1154 1515 1202 1586 jus
1215 1518 1327 1590 quidem
1341 1535 1449 1577 merum
1468 1521 1527 1579 siva
1540 1522 1666 1581 strictum

60 1606 251 1681 cumanum,
283 1609 448 1680 aequitas
481 1604 545 1674 (vel
571 1605 731 1677 augustiore
756 1605 831 1663 vocis
872 1604 993 1662 nascitur
1005 1621 1043 1661 er
1055 1605 1191 1679 principio
1204 1608 1354 1666 servandae
1367 1609 1459 1683 pacis,
1473 1611 1596 1683 aequitas
1605 1612 1667 1669 sive

61 1710 122 1752 rem
132 1689 246 1771 caritas)
262 1697 291 1752 iu
306 1693 416 1765 justitia
428 1693 612 1769 distributiva,
635 1695 751 1768 denique
764 1693 832 1768 pie·
871 1693 973 1750 caritas
986 1693 1022 1750 ad
1035 1693 1126 1765 maius
1138 1694 1242 1768 aliquid
1255 1696 1408 1771 contendit,
1423 1704 1456 1755 ut
1467 1698 1536 1755 dum
1549 1701 1667 1773 quisque

62 1788 101 1839 trs
119 1784 175 1854 (vel
187 1786 326 1858 probitas)
347 1783 377 1839 iu
394 1780 503 1853 justitia
518 1783 678 1841 universati:
698 1783 769 1841 unde
782 1799 832 1840 ne·
872 1782 955 1839 alteri
968 1781 1081 1857 prodest
1094 1788 1227 1856 quantum
1239 1789 1342 1859 potest,
1356 1787 1515 1845 felicitatem
1525 1804 1605 1845 suam
1616 1805 1666 1846 au·

61 1872 143 1929 numu
156 1873 274 1947 laedmc,
288 1888 369 1929 suurn
383 1871 480 1945 cuique
493 1872 624 1946 tribucre,
647 1873 760 1930 honmte
774 1867 832 1951 (vel
873 1877 938 1942 geat
950 1871 980 1928 in
993 1871 1111 1945 aliena,¹
1123 1877 1152 1929 et
1164 1876 1195 1929 ut
1208 1874 1294 1933 rubo
1308 1874 1398 1933 dicam
1413 1875 1461 1946 jus
1474 1875 1600 1934 strictum
1614 1879 1667 1934 mi·

60 1961 132 2034 poti·
146 1957 204 2039 pie)
219 1963 322 2035 vivere,
335 1959 450 2018 totidem
463 1961 667 2033 generalissima
680 1966 709 2018 et
722 1962 833 2037 parvul·
875 1961 976 2017 scriam
990 1961 1069 2033 vitat,
1080 1960 1128 2032 jus
1142 1962 1266 2035 superius
1279 1964 1315 2020 ad
1330 1964 1489 2021 felicitatem
1503 1967 1601 2039 tendit,
1616 1966 1666 2025 sed

59 2054 107 2121 aa
115 2049 187 2118 juris
198 2055 343 2124 praecepta
353 2053 515 2121 naseuntnr3
528 2050 759 2123 quemadmodum
773 2065 832 2107 rem
873 2048 964 2122 qualis
974 2048 1003 2105 in
1013 2049 1084 2106 hauc
1094 2048 1292 2108 mortalitatem
1305 2052 1389 2111 cadit.
1404 2054 1484 2120 Quod
1496 2071 1562 2111 vero
1571 2055 1664 2127 ipsam

58 2138 199 2197 adalmarus
213 2139 282 2196 olim
298 2139 327 2195 in
342 2138 436 2196 libello
450 2138 485 2195 de
499 2138 633 2196 Methodo
646 2140 722 2197 duris
736 2139 832 2196 adum·
874 2139 975 2210 vitam,
1004 2143 1033 2195 et
1061 2138 1190 2212 quicquid
1215 2140 1284 2198 hauc
1309 2144 1396 2200 vitam
1422 2143 1605 2217 expetendam
1625 2146 1666 2201 fa·

58 2225 130 2284 huri.
173 2227 275 2284 iuris
293 2228 364 2283 meri
383 2228 441 2283 sive
454 2228 575 2285 stricti
595 2233 771 2303 praeceptum
790 2233 833 2286 est
875 2227 914 2284 cit
934 2242 1036 2298 magno
1055 2227 1202 2285 commodo
1222 2230 1314 2287 alieno
1335 2231 1501 2305 posthabere
1520 2232 1669 2290 debeamus

58 2316 215 2374 neminem
236 2316 444 2373 laedendum
464 2333 552 2390 csse,
568 2332 604 2372 ne
617 2318 696 2374 detur
709 2317 736 2373 ei
750 2318 780 2374 in
794 2316 833 2374 ci·
873 2315 916 2373 ita
934 2320 966 2372 ut
979 2315 1117 2373 maximos
1134 2316 1219 2374 etiem
1237 2318 1346 2377 dolores
1363 2320 1393 2375 iu
1412 2321 1530 2379 aliorum
1549 2322 1668 2392 gratiam

57 2407 129 2463 ritate
141 2405 215 2462 aetio
228 2411 309 2461 extra
323 2406 472 2477 civitatem,
490 2404 537 2474 jus
551 2405 629 2462 belli.
658 2407 731 2464 Hinc
745 2407 832 2463 nasci-
874 2406 996 2479 perferre
1009 2409 1152 2480 oporteat,
1166 2407 1255 2478 magis
1269 2409 1380 2482 pulchre
1393 2410 1559 2484 praeripitur
1572 2428 1591 2468 a
1605 2411 1669 2468 Phi-

58 2493 216 2570 turjustitia,
230 2511 314 2567 quam
329 2494 487 2567 Philosophi
502 2500 601 2552 vocant
614 2495 834 2552 commutati·
874 2494 1012 2569 losophis,
1033 2509 1118 2567 quam
1136 2495 1223 2552 solide
1243 2497 1455 2571 demonstratur.
1497 2498 1571 2556 Nam
1585 2499 1668 2557 decus

58 2598 134 2657 ram,
155 2586 186 2640 et
199 2582 248 2653 jus
262 2583 336 2657 quod
351 2583 464 2640 Grotius
478 2582 598 2658 appellat
612 2584 832 2642 facultatem.
874 2589 905 2640 et
917 2583 1033 2656 gloriam
1047 2588 1077 2640 et
1089 2583 1177 2641 animi
1194 2585 1238 2643 aui
1251 2586 1352 2644 virtute
1364 2586 1533 2658 gaudentem
1548 2604 1667 2664 emaum,

58 2671 219 2746 Superiorem
232 2673 349 2744 gradum
362 2690 431 2729 voco
445 2674 659 2745 aequitatem
675 2674 717 2730 vel
732 2674 757 2730 si
775 2689 833 2730 ma·
875 2671 996 2744 adquae
1012 2672 1063 2729 sub
1079 2672 1228 2730 honestatis
1248 2674 1361 2732 nomine
1379 2681 1546 2751 provocant,
1565 2678 1669 2749 cogita·

59 2761 242 2819 rhmritatem
257 2762 427 2835 (angustiore
441 2757 647 2839 scilicetseusu)
663 2780 747 2836 quarn
762 2765 834 2820 ultra
876 2761 960 2818 tionis
979 2760 1039 2816 sive
1059 2763 1160 2819 mentis
1180 2763 1254 2820 bona
1273 2781 1333 2821 esse
1350 2768 1472 2837 constat,
1493 2780 1594 2836 magua
1608 2765 1669 2839 qui·

58 2851 160 2924 rigorem
171 2849 245 2922 juris
258 2851 327 2907 meri
342 2851 377 2907 ad
392 2867 438 2906 eas
452 2865 561 2924 quoque
575 2853 757 2923 obligationes
770 2869 835 2926 por·
876 2850 941 2907 dem
959 2849 1008 2906 sed
1028 2868 1085 2907 nou
1100 2850 1228 2910 omuibus
1247 2870 1299 2911 nco
1317 2854 1394 2911 omni
1413 2854 1551 2911 malorum
1564 2854 1670 2913 acerbi·

59 2939 161 3014 rigum
176 2939 277 3013 quibus
289 2940 363 2997 actio
376 2941 412 2996 iis
426 2956 543 3013 quorum
556 2941 670 2998 interest
683 2958 740 2998 nou
754 2942 836 3000 datur
877 2945 935 2996 tate
949 2940 1149 3015 praevalitura,
1163 2943 1276 3015 quaudo
1293 2958 1351 3000 non
1364 2958 1460 3001 omnes
1472 2958 1560 3017 aeque
1573 2943 1671 3018 imagi·

59 3042 103 3101 qm
119 3045 169 3087 nos
184 3034 300 3101 cogant3
321 3030 407 3086 veluti
428 3028 465 3085 ad
478 3030 686 3104 gratitudinem,
707 3030 742 3087 ad
758 3031 836 3087 Elee-
878 3028 971 3086 nando
985 3028 1155 3103 afficiuntur,
1174 3032 1335 3103 pracsertim
1349 3048 1420 3106 quos
1434 3048 1523 3105 neque
1544 3032 1670 3090 educatm

10 3150 12 3157 ·
59 3130 205 3191 nmymm,
222 3118 259 3174 ad
281 3133 351 3190 quae
371 3118 627 3194 aptitudinem,
650 3136 708 3176 nou
723 3121 836 3176 faculta-
878 3118 999 3175 liberalis
1011 3133 1100 3191 neque
1119 3120 1287 3179 consuetudo
1300 3121 1411 3179 vivendi
1429 3122 1549 3195 ingenua
1563 3120 1609 3178 vel
1629 3120 1670 3177 vi·

60 3211 118 3272 tan,
137 3207 238 3265 habere
251 3208 350 3263 Grotio
368 3207 504 3264 dicuntur.
548 3208 585 3265 Et
603 3209 837 3282 quemadmodum
879 3211 924 3264 tae
944 3212 1070 3264 soctaeve
1088 3207 1233 3282 disciplina
1252 3211 1288 3267 ad
1308 3209 1421 3266 honoris
1439 3210 1671 3285 aestimationem,

60 3293 133 3351 inimi
146 3294 246 3367 gradus
259 3300 330 3371 erat,
351 3297 489 3353 nemiuem
504 3296 620 3374 laedere,
642 3301 682 3355 ita
696 3298 781 3356 medii
795 3303 838 3355 est
880 3298 923 3354 vei
936 3296 1022 3352 animi
1038 3297 1112 3353 hona
1125 3298 1266 3355 sentienda
1280 3299 1432 3358 assuefecit.
1476 3298 1516 3355 Ut
1530 3314 1596 3355 vcro
1610 3298 1671 3354 uni·

58 3384 148 3441 mustis
160 3386 305 3459 prodemea
326 3385 376 3442 sed
390 3390 524 3458 qnantum
536 3387 635 3460 cuique
647 3389 776 3445 conuenit
788 3392 839 3444 aut
879 3385 977 3442 vernali
993 3385 1226 3444 demonstratione
1244 3387 1403 3444 conficietur
1421 3403 1506 3445 omna
1525 3386 1673 3444 honestum

59 3479 177 3545 quntum
190 3475 304 3547 quisque
318 3482 453 3547 merctur,
474 3475 584 3549 quando
605 3476 732 3535 omuibus
751 3492 837 3550 acque
879 3491 938 3531 esse
957 3474 1041 3548 utile,
1063 3480 1092 3531 et
1105 3490 1189 3532 omne
1205 3481 1285 3549 turpe
1304 3477 1487 3547 damnosum,
1509 3474 1672 3531 amumanda

59 3564 139 3620 farere
152 3578 209 3619 non
223 3563 298 3621 licet.
342 3564 438 3636 ltaque
452 3563 532 3633 hujus
546 3566 600 3622 loci
613 3572 655 3622 est
668 3565 837 3625 distribu·
879 3568 923 3622 est
936 3564 1130 3622 immortalitas
1143 3564 1266 3639 animae,
1289 3571 1318 3623 et
1332 3570 1423 3622 rector
1435 3563 1554 3620 universi
1569 3562 1672 3619 DEUS.

59 3650 122 3707 tiva
131 3649 241 3722 justitia
254 3657 283 3708 et
293 3657 467 3726 praeceptum
479 3653 557 3728 juris,
574 3655 647 3728 quod
661 3671 757 3712 suum
771 3654 837 3712 cui·
879 3654 923 3709 lta
936 3653 968 3709 fit
981 3661 1013 3709 ut
1027 3669 1123 3711 omues
1137 3654 1166 3708 in
1180 3654 1293 3711 civitate
1314 3652 1510 3728 perfectissima
1525 3651 1616 3707 vivere
1631 3651 1673 3707 iu·

57 3753 112 3811 qra
123 3740 239 3798 tribui
253 3740 343 3809 jubet.
387 3744 480 3814 Atque
494 3743 545 3799 hue
559 3744 588 3799 in
603 3744 752 3818 Republica
766 3744 837 3817 poli·
879 3742 1033 3815 telligamus
1051 3742 1103 3799 sub
1123 3742 1273 3800 ltlouarcha
1297 3742 1346 3817 qni
1370 3757 1420 3799 nec
1444 3740 1482 3798 ob
1507 3738 1674 3813 sapientiam

57 3828 117 3887 fitne
128 3830 203 3901 leges
215 3831 385 3905 referamur,
406 3846 478 3904 quae
491 3832 650 3889 felicitatem
663 3834 836 3890 subditorum
878 3831 954 3904 falli,
970 3846 1021 3889 nec
1034 3832 1073 3889 ob
1086 3831 1239 3901 potentiam
1252 3832 1334 3888 vitari
1348 3832 1455 3904 potest;
1473 3828 1601 3901 idemque
1614 3832 1674 3884 tam

57 3924 201 3992 mearant,
223 3919 396 3993 efficiuntque
408 3920 528 3994 passim,
548 3927 579 3978 ut
592 3923 640 3995 qui
653 3923 836 3996 aptitudinem
878 3919 1007 3977 amabitis
1026 3925 1084 3993 est,
1113 3925 1145 3976 ut
1165 3920 1279 3977 felicitas
1301 3921 1338 3976 sit
1357 3919 1408 3975 tali
1427 3917 1541 3975 domino
1560 3916 1674 3973 sarrire.

10 4016 12 4021 '
57 4011 154 4065 tratum
172 4007 321 4081 iubebant,
342 4009 486 4082 acquirant
505 4011 673 4085 facultatem,
694 4011 725 4067 id
744 4016 788 4068 est
805 4015 838 4068 ut
879 4008 951 4065 liuic
964 4010 1048 4083 igitur
1062 4008 1110 4082 qui
1128 4009 1251 4065 animaru
1267 4007 1414 4082 impendit,
1437 4006 1545 4064 (laristo
1559 4005 1675 4063 docente

57 4099 138 4167 petua
156 4096 277 4172 pomint,
305 4098 379 4171 quod
397 4098 467 4156 alios
487 4115 604 4172 aequum
625 4104 668 4157 est
686 4104 837 4174 praestare.
878 4112 941 4155 earu
954 4098 1085 4156 lucratur.
1127 4097 1217 4168 Hujus
1230 4098 1355 4170 potentia
1373 4095 1601 4170 providentiaque
1615 4093 1675 4151 efd-

56 4180 86 4241 ft
95 4200 159 4243 auru
171 4186 203 4243 in
215 4186 301 4259 gradu
315 4185 385 4255 iuris
398 4187 494 4244 intimo
507 4204 566 4246 uon
578 4189 782 4247 attenderentur
795 4189 837 4247 di·
878 4187 952 4245 citur
964 4192 997 4244 nt
1011 4203 1093 4244 omne
1102 4185 1162 4254 jus
1174 4187 1205 4242 in
1218 4188 1322 4244 factum
1333 4189 1463 4260 transeat,
1479 4190 1512 4242 ut
1520 4200 1605 4240 ncmo
1617 4184 1675 4239 lae·

54 4274 176 4333 erimina
194 4274 354 4351 hommum,
375 4276 428 4332 uisi
446 4293 517 4350 qnae
536 4294 574 4334 ex
588 4277 649 4351 ipso
663 4278 775 4351 negotio
788 4294 837 4335 ru-
880 4277 961 4333 datur
982 4276 1037 4333 uisi
1056 4292 1075 4333 a
1096 4292 1127 4332 se
1146 4275 1225 4349 ipso,
1250 4278 1283 4332 ut
1303 4274 1372 4331 nihil
1392 4278 1466 4332 recte
1486 4278 1593 4344 gestum
1614 4271 1676 4328 sine

10 4398 12 4451 Ι
53 4368 169 4437 ntur,
191 4362 241 4420 ssd
254 4380 350 4422 omnes
363 4365 488 4423 homines
507 4371 682 4424 censerentur
700 4368 838 4442 aequatas,
880 4364 1003 4441 praemio
1024 4365 1070 4438 sit,
1092 4364 1199 4421 nultum
1220 4368 1361 4437 pometum
1382 4363 1443 4419 sine
1464 4378 1564 4436 poena.
1601 4360 1677 4427 Quo·

10 4454 12 4507 Ι
53 4464 120 4510 ne
131 4458 227 4511 tamen
246 4453 276 4510 in
290 4454 341 4511 hac
359 4455 500 4528 superiore
520 4456 607 4528 gradu
621 4458 722 4516 merita
735 4456 838 4530 ponde-
881 4455 970 4528 niam,
986 4460 1018 4512 ut
1031 4453 1124 4511 dirinc
1137 4470 1156 4511 a
1169 4453 1278 4511 (liristo
1291 4453 1424 4511 traditum
1438 4455 1498 4525 est,
1520 4466 1618 4509 omnes
1631 4465 1676 4505 ca·

10 4510 12 4557 Ι
52 4546 151 4616 tantm,
165 4541 239 4599 unde
248 4542 400 4617 privilegia,
412 4545 544 4618 praemia,
559 4562 674 4620 poenae,
689 4547 780 4603 locum
791 4546 840 4605 ha·
881 4543 941 4619 pilli
963 4542 1050 4601 nostri
1076 4543 1214 4600 nummati
1235 4546 1314 4615 sunt,
1340 4558 1374 4599 ae
1394 4558 1430 4598 ne
1450 4554 1540 4612 equae
1564 4538 1677 4613 quidem

10 4602 12 4673 l
52 4626 121 4687 raa
164 4630 257 4697 cmm
269 4631 403 4704 maram
418 4633 492 4703 jaas
506 4633 690 4693 erumnam
702 4637 840 4710 eagina
881 4635 994 4692 matus
1007 4635 1108 4689 amam
1121 4632 1202 4690 aeas
1210 4636 1255 4689 aa
1267 4630 1381 4703 aena,
1394 4629 1465 4687 arao
1478 4627 1547 4683 nna
1562 4625 1676 4699 aaran

10 4680 13 4793 l
52 4716 474 4797 Immonadumhrariwyri
489 4722 568 4797 pueri
580 4726 719 4800 exemplo,
735 4726 782 4799 qui
795 4725 839 4781 in·
881 4727 928 4779 tur
947 4723 977 4777 in
992 4720 1134 4796 republica
1153 4721 1282 4778 universi.
1327 4720 1371 4777 Ex
1390 4720 1441 4777 hae
1458 4714 1676 4776 acaddaatione

10 4796 12 4891 l
50 4810 91 4865 tr
101 4807 174 4865 dnos
186 4824 297 4883 pueros,
310 4825 428 4883 quorum
442 4814 542 4869 fortior
556 4828 620 4870 cnm
632 4815 722 4871 attero
735 4819 839 4871 restem
882 4813 914 4868 tit
927 4816 958 4867 ut
973 4810 1125 4880 jnstitia
1139 4808 1357 4867 universalis
1371 4807 1523 4883 appelletur
1536 4808 1566 4860 et
1580 4817 1677 4858 omues

50 4912 96 4970 per
113 4896 176 4953 vim
187 4903 419 4973 commutaverat,
442 4901 516 4974 quod
531 4916 596 4959 suae
609 4908 732 4961 staturae
745 4908 839 4974 togam
857 4926 861 5019 Ι
880 4901 951 4958 alias
964 4900 1081 4957 virtutes
1094 4899 1323 4973 comprehendat,
1344 4914 1416 4972 quaa
1428 4894 1504 4953 euim
1518 4890 1623 4964 alioqui
1637 4890 1677 4946 at·

49 4984 166 5043 chunni
180 4988 316 5061 aptiorem
329 4988 489 5063 reperisset,
510 5006 592 5047 suam
611 4997 706 5066 togam
720 4997 840 5050 statumo
881 4990 968 5047 terius
981 4989 1111 5047 interesse
1130 5004 1187 5046 uon
1202 4988 1329 5045 videntur
1342 4985 1428 5043 vetuti
1448 5000 1484 5040 uc
1503 4984 1599 5037 rostro
1617 4994 1677 5037 cor·

48 5074 168 5148 dmm,
185 5074 276 5146 iudex
288 5077 390 5151 lesura
413 5096 465 5152 pro
479 5079 618 5154 praedone
632 5082 838 5155 pronuntiarat:
857 5052 861 5175 J
881 5096 949 5154 porc
962 5085 1013 5137 aut
1025 5079 1128 5136 uostris
1148 5077 1231 5135 rebus
1251 5078 1412 5147 abutamur,
1433 5072 1518 5129 ctiam
1538 5073 1620 5126 extra
1638 5068 1677 5124 lc-

46 5164 130 5223 aaa
151 5166 497 5243 netorerdmouitusest,
518 5184 574 5228 non
593 5172 688 5245 quaeri
707 5170 839 5229 hocloco
881 5169 1093 5243 geshumauas,
1114 5167 1317 5239 namralijure,
1335 5157 1678 5223 idastmterrnsdivinae
