3706 5828
618 286 725 395 auxi
767 334 819 395 oa
840 334 1202 399 annu-mumanae.
1657 325 1725 401 ⁴65

99 478 432 550 mmcoedmetomiri
451 482 586 552 expectet
630 478 889 553 lumenque
930 477 1433 552 ritrmetAritbruetieumaliquem
1452 478 1607 553 vulgarem,
1627 495 1725 553 puteos

100 567 151 624 ties
164 568 335 642 repedantes,
360 568 466 641 siquid
479 567 625 641 (Ιὶφὶίοωε
647 568 771 642 tufini,
796 584 889 625 rursrrs
930 567 1083 644 docmtarn,
1096 569 1146 642 qui
1161 569 1268 649 aarum
1282 567 1469 625 aritbneficas
1482 568 1641 625 memoriter
1653 567 1723 625 didi·

98 655 382 732 verbaaoxpoetant,
401 656 514 714 elidem
532 656 643 730 munt,
664 661 747 729 atque
765 656 829 714 ideo
851 656 888 714 ab
930 656 1477 730 citaedntiouemearumnonnovit‚
1501 655 1723 729 uaeproindsiu

97 744 206 802 atione
228 746 383 819 abstinent3
413 746 489 818 qaod
516 762 580 802 mm
610 744 762 802 infantibus
787 745 889 802 babent
930 743 1652 817 quaestionibusnonnibilaoonsuetoraoadeutibns
1666 744 1721 802 sibi

94 848 253 891 amone.
286 834 510 892 numam
529 833 642 906 qnam
661 834 769 907 paone
787 835 889 907 episto
906 790 911 896 l
930 836 1071 891 condias
1085 840 1187 908 potest:
1209 836 1265 891 an
1282 840 1326 892 ee
1345 834 1493 892 ramma
1512 833 1586 890 inor
1603 832 1721 909 Empiri-

97 922 154 979 lam
169 923 343 996 proditricem
365 924 494 980 turinoris
517 922 560 979 sui
585 923 668 979 luisse
692 923 887 996 spaemtrioem,
929 939 992 980 urm
1012 927 1042 979 et
1060 923 1247 996 Rationalem,
1281 925 1355 982 inter
1375 923 1596 981 consecutionem
1621 921 1721 980 bestia·

96 1012 161 1084 quia
175 1012 217 1069 illi
231 1012 308 1068 modi
321 1010 424 1086 aliquid
439 1011 582 1086 prodendi,
596 1011 644 1085 qui
658 1012 711 1085 ipsi
726 1012 786 1068 noti
802 1016 889 1087 eram,
930 1028 1006 1084 rum,
1022 1017 1050 1068 et
1070 1012 1305 1069 ratiocinationem
1319 1013 1477 1070 humanam·
1514 1010 1632 1069 Et'urrnsi
1646 1011 1722 1068 euim

96 1101 150 1158 boc
163 1101 203 1158 ita
218 1101 350 1157 terebant
392 1101 444 1158 Sed
458 1102 524 1175 quia
543 1117 625 1174 saepe
642 1101 683 1173 tit,
703 1103 815 1157 attalia
829 1111 889 1157 tan·
930 1103 1019 1158 multa
1037 1102 1164 1174 exempla
1183 1101 1352 1158 somnolentia
1371 1103 1559 1175 experiamur:
1580 1115 1721 1174 nunquam

96 1189 424 1263 tumperatcidenssiot
445 1190 600 1263 eonducta,
620 1188 685 1246 trine
701 1206 784 1263 saepe
804 1191 890 1265 empi-
931 1189 1450 1264 tamardeperpetuomoeessuseeori
1471 1207 1581 1263 samos,
1604 1190 1658 1247 uisi
1675 1205 1721 1247 ra·

96 1279 147 1335 rici
161 1279 341 1353 decipiuntur,
357 1284 512 1352 proraosut
526 1278 622 1350 balta,
644 1281 675 1334 nt
688 1279 799 1352 sddoet,
813 1279 888 1352 quod
930 1278 1018 1336 tiones
1042 1279 1208 1336 noaemarias
1235 1278 1416 1352 reperiamus,
1446 1280 1518 1337 unde
1548 1279 1719 1353 colligamus,

95 1372 251 1442 expectant,
266 1383 323 1424 nou
337 1369 453 1423 eveniat
489 1367 532 1423 Sic
545 1367 569 1422 si
584 1366 646 1423 caui
660 1366 762 1440 aliquid
776 1368 888 1425 bdenti
930 1384 989 1425 rem
1013 1369 1093 1424 aliter
1118 1386 1148 1425 se
1172 1368 1273 1424 habere
1298 1383 1355 1424 non
1379 1385 1467 1441 posse.
1515 1369 1612 1441 ltaque
1636 1370 1720 1426 britta

95 1457 160 1512 dem
173 1456 277 1531 eibum,
296 1456 325 1512 id
339 1455 449 1528 quidem
464 1456 495 1511 tt
509 1473 558 1530 per
571 1455 696 1511 accidens
714 1456 752 1512 ob
772 1457 888 1514 liberam
928 1455 1082 1530 (quantum
1110 1458 1255 1514 observare
1283 1457 1447 1530 possumus)
1472 1472 1529 1512 non
1552 1460 1719 1527 cognoseuut

94 1545 264 1602 voluntatem
279 1557 384 1612 meam3
399 1546 448 1602 ubi
463 1561 529 1601 vero
542 1545 626 1601 semel
640 1545 760 1601 assuevit
773 1546 887 1622 actioni,
927 1547 1160 1604 univeralitatem
1170 1545 1397 1619 propositionum,
1408 1545 1475 1619 quia
1488 1562 1545 1601 uon
1553 1548 1720 1616 cognoscunt

96 1648 180 1705 quam
195 1651 258 1690 eum
272 1635 370 1691 docere
382 1633 468 1707 volui,
483 1650 539 1690 non
553 1634 672 1705 amplius
692 1634 718 1689 ei
733 1634 770 1690 do
783 1634 885 1710 dbum,
927 1635 1064 1693 rationem
1078 1635 1256 1691 necessitatis.
1293 1633 1330 1690 Et
1349 1635 1412 1692 licet
1425 1633 1574 1706 aliquando
1588 1632 1719 1707 Empirici

92 1739 178 1795 quum
193 1730 266 1780 recte
280 1724 347 1795 agit,
362 1725 415 1779 etsi
429 1724 475 1779 ille
489 1723 541 1779 boc
554 1722 636 1780 initio
649 1721 737 1778 adbuc
750 1729 884 1797 expectet.
927 1740 977 1797 per
990 1724 1160 1781 inductiones
1174 1724 1308 1780 durantur
1320 1723 1357 1779 ad
1371 1723 1571 1797 propositiones
1581 1740 1644 1780 vera
1657 1721 1718 1779 nni·

92 1812 137 1868 Sic
157 1812 183 1869 si
202 1813 265 1885 quis
279 1813 397 1869 Batavus
415 1828 514 1868 navem
534 1812 717 1869 conscenderis
741 1811 769 1868 in
789 1813 885 1869 Asiam
927 1814 1057 1887 versatas,
1073 1814 1101 1870 id
1112 1819 1205 1869 umen
1220 1829 1268 1886 per
1282 1812 1406 1870 accidens
1420 1817 1536 1886 tantum,
1545 1828 1603 1870 non
1617 1811 1718 1869 vicon-

93 1900 241 1971 delemur,
261 1907 289 1957 et
303 1901 332 1957 in
346 1901 467 1973 aliquam
480 1901 632 1958 'l'uroarum
651 1899 747 1956 urbem
766 1900 882 1975 dolabra,
925 1903 1072 1959 secationis
1085 1901 1230 1974 contingit.
1692 1950 1695 1955 .

94 1989 134 2045 ibi
146 1990 307 2046 cerevisiam
327 1989 356 2046 in
376 1991 505 2062 taberna,
527 1995 559 2047 ut
578 1989 654 2047 domi
674 2005 739 2045 suaa
758 1997 882 2064 quaerat,
969 1991 1032 2047 XV.
1056 1992 1180 2063 Denique
1199 1991 1283 2046 borno
1301 2006 1319 2046 a
1334 1991 1394 2046 Deo
1412 1988 1564 2046 destinatur
1583 1989 1619 2046 ad
1636 1980 1718 2047 tinem

93 2077 242 2152 decipietur
261 2079 358 2136 codem
378 2078 478 2150 mod03
499 2079 668 2152 exspectabit
686 2077 760 2134 enim
780 2080 884 2153 aliquid
926 2080 1013 2136 multo
1023 2079 1223 2153 sublimiorem,
1234 2095 1333 2152 nempe
1347 2078 1383 2135 ad
1397 2079 1555 2135 societatem
1569 2095 1633 2135 cum
1641 2078 1718 2153 ipso,

91 2184 110 2223 a
124 2168 249 2242 taberna,
263 2167 336 2242 quod
350 2184 414 2223 cum
433 2184 466 2222 ea
480 2172 589 2224 tantum
608 2184 659 2240 per
677 2166 801 2223 aeoidans
819 2184 884 2225 oon·
925 2173 954 2223 et
968 2167 1030 2224 ideo
1051 2169 1102 2237 (ob
1124 2169 1295 2224 harmoniam
1315 2183 1461 2237 regnorum
1481 2173 1596 2224 naturae
1613 2174 1643 2224 et
1655 2182 1717 2239 gra-

87 2255 215 2326 junctam
228 2264 279 2330 est,
295 2262 324 2312 et
338 2272 495 2328 nonaeque
513 2257 544 2312 in
559 2255 696 2329 Asiaticis,
715 2272 748 2312 ae
761 2255 790 2313 in
805 2256 884 2312 Bata·
926 2257 994 2326 tiae)
1019 2257 1192 2314 statuendum
1218 2262 1268 2330 est,
1294 2257 1401 2312 animas
1421 2256 1564 2329 humanas,
1587 2273 1718 2314 unacum

90 2347 133 2402 vis
147 2346 269 2402 tabernis
283 2345 424 2418 reperitur.
453 2345 492 2400 At
506 2345 743 2417 bomo,qoatenns
757 2361 813 2400 non
827 2360 884 2401 em·
925 2345 1054 2414 organico
1069 2345 1189 2418 quodam
1207 2361 1322 2418 corpora
1342 2346 1514 2416 corservari,
1533 2362 1590 2401 non
1610 2349 1718 2404 tautum

90 2435 176 2508 piriee
193 2433 239 2489 sed
259 2433 431 2488 rationaliter
444 2433 511 2506 agit,
533 2449 590 2488 non
610 2434 677 2489 solis
697 2433 757 2489 fidit
775 2435 883 2507 experi-
924 2450 959 2489 eo
972 2433 1067 2509 modo,
1081 2440 1113 2490 ut
1126 2435 1223 2503 bmta3
1244 2451 1314 2506 quae
1328 2434 1447 2490 tortasse
1461 2438 1656 2506 postmortem
1669 2432 1717 2491 diu

89 2523 204 2594 ruentis,
229 2526 278 2577 aut
303 2521 508 2578 inductionibus
531 2510 736 2594 particularium
757 2540 775 2578 a
793 2527 883 2595 poste·
902 2570 905 2579 .
924 2527 1047 2595 stupent3
1077 2523 1123 2578 sed
1144 2523 1228 2578 modo
1248 2522 1399 2594 nobiliora,
1426 2527 1457 2579 ut
1477 2539 1586 2577 sensum
1607 2527 1636 2577 et
1654 2537 1718 2579 aon·

88 2612 167 2683 riori,
182 2610 229 2667 sed
244 2611 366 2684 procidit
379 2624 397 2665 a
411 2610 497 2683 priori
511 2627 561 2683 per
582 2611 712 2687 rationes.
746 2611 783 2666 Et
801 2612 883 2685 quale
900 2590 905 2675 Ι
923 2611 1067 2668 sciendam
1081 2613 1226 2685 mfinoem,
1241 2627 1399 2686 poenaeque
1418 2616 1447 2669 et
1464 2610 1579 2686 praemii
1598 2610 1655 2668 sint
1672 2626 1717 2668 oa·

87 2704 131 2757 er
144 2700 289 2757 momen
304 2700 376 2757 mter
388 2699 576 2776 omnem,
596 2704 646 2757 aut
659 2700 814 2770 naum
834 2717 881 2776 pe-
900 2681 905 2769 Ι
924 2717 1013 2775 pass.

691 3014 1050 3025 ,μ’-.-
1075 3017 1088 3022 ..
1102 3017 1108 3022 .

824 3328 1003 3423 LXXII.

696 3503 1111 3597 EPISTOLA

877 3688 931 3744 AD

129 3835 602 3958 WAGNERUM
646 3838 755 3957 DE
800 3839 880 3957 VI
923 3832 1212 3957 ACTIVA
1258 3828 1674 3982 CORPORIS,

566 4058 617 4116 ns
638 4057 779 4132 sunta,
801 4058 852 4115 ns
872 4056 999 4115 anina
1021 4055 1234 4115 naumann.

768 4287 1038 4377 1710.

157 4550 396 4608 (appararem.
413 4557 463 4603 td
480 4558 632 4604 iiartlrott
650 4556 708 4603 Vol
729 4556 752 4601 t.
770 4566 796 4611 p.
817 4552 875 4603 tto.
895 4575 926 4586 -
947 4554 1052 4600 Leton.
1070 4557 1132 4609 opo.
1151 4554 1201 4599 so.
1220 4557 1342 4601 ltutens
1360 4554 1653 4610 muranenses.)

130 4833 154 4889 1.
177 4832 221 4889 Ad
236 4850 278 4907 ea,
292 4848 363 4904 quae
376 4832 412 4887 de
425 4832 534 4889 animm
545 4838 641 4889 natura
651 4835 768 4907 quaeris,
781 4835 879 4891 lubens
922 4835 957 4890 de
967 4835 995 4889 vi
1006 4835 1095 4890 activa
1106 4835 1237 4907 eorporis
1253 4839 1348 4890 contra
1361 4833 1402 4889 Cl.
1416 4835 1605 4892 Sturntinnr
1620 4836 1671 4910 ep.
1686 4830 1714 4907 ¹)

85 4922 245 4994 responden,
257 4921 532 4995 qnoniamexdubio‚
544 4921 619 4994 qnod
630 4937 734 4995 moves,
746 4922 878 4997 intelligo,
922 4924 981 4996 Ais,
1002 4941 1047 4978 nro
1067 4923 1107 4979 ibi
1120 4924 1187 4978 satis
1202 4923 1332 4979 materias
1347 4922 1404 4979 vim
1417 4923 1535 4980 estivam
1555 4925 1713 4999 vindicasse,

86 5015 205 5067 menam
220 5027 310 5067 meam
326 5011 390 5067 Tibi
406 5011 530 5068 nondum
543 5010 611 5067 satis
626 5015 797 5084 perspectam
810 5028 877 5086 esse,
921 5018 950 5069 et
963 5012 1030 5069 dum
1049 5011 1229 5068 resistentiam
1248 5013 1378 5070 materiae
1398 5011 1499 5088 tribuo,
1519 5013 1610 5071 eidam
1630 5015 1714 5073 wem

87 5096 168 5170 idque
188 5100 354 5173 praeiudicio
380 5101 502 5174 quodam
527 5099 687 5174 contigisse,
720 5099 817 5158 barasto
841 5116 879 5156 ex
923 5140 1082 5150 ---
1121 5120 1124 5127 ·

86 5185 283 5248 mnan-te
303 5202 382 5265 meo,
407 5190 514 5249 insono
532 5188 610 5248 Actis
629 5187 810 5266 erudiam
828 5189 878 5248 obi
951 5205 990 5262 .·)
1008 5207 1041 5254 v.
1059 5212 1106 5255 an.
1126 5208 1155 5256 u.
1170 5208 1221 5261 aar.
1240 5206 1279 5255 er.
