3706 5828
959 435 1017 524 X.

243 708 245 713 .
272 614 579 707 EPISTOLA
602 612 688 702 ΑΙ)
713 608 1094 703 LUDOVICUM
1118 611 1202 701 DE
1226 610 1692 706 SECKENDORFF

175 943 179 950 ’
237 921 510 1103 LOCO¹
554 783 1013 1084 QUODAlVliE
1042 920 1737 1043 ARISTOTELIS.

853 1235 1122 1321 1684.

905 1411 1062 1425 Q*

171 1501 603 1630 (seckenporttcbrtstcnstsat.
634 1499 739 1555 Leiprlg
768 1498 843 1545 ¹685.
885 1502 909 1545 8.
932 1511 956 1556 p.
977 1499 1033 1546 1⁰8.
1056 1518 1092 1528 -
1127 1500 1231 1547 Leibn.
1254 1503 1315 1557 opp.
1342 1504 1381 1549 ed.
1404 1505 1533 1550 notens.
1569 1504 1637 1548 'rom
1661 1504 1702 1560 11,
1729 1503 1757 1548 Ρ.
1778 1503 1802 1547 t.

205 1589 231 1634 p.
249 1576 328 1624 864.

213 1768 370 1827 Praeclarus
396 1771 439 1822 ast
458 1766 534 1823 locus
553 1764 762 1821 Aristotelis
787 1762 817 1818 in
841 1763 959 1819 eundem
1010 1762 1041 1818 in
1054 1763 1183 1820 omnibus
1196 1764 1354 1821 hominibus
1368 1766 1451 1839 idem,
1467 1771 1530 1840 post
1544 1771 1661 1823 mortem
1675 1764 1802 1838 supersit,

168 1875 192 1915 c
211 1858 260 1914 14.
275 1874 358 1930 quem
371 1855 447 1926 citas,
462 1859 491 1910 et
504 1858 576 1910 recte
589 1854 626 1909 ab
647 1854 697 1909 illo
711 1852 815 1908 (lictum
829 1857 879 1924 est,
901 1869 959 1908 esse
1009 1867 1093 1923 quam
1111 1853 1277 1908 sententiam
1296 1859 1463 1911 renovarunt
1486 1854 1720 1911 Averroistae.
1748 1853 1803 1909 Sed

168 1947 272 2019 aliquid
287 1946 318 2002 in
334 1943 416 2002 nobis
429 1959 513 2015 agens
531 1941 638 1998 ratione
651 1941 832 2015 praestantius
846 1940 904 1996 imo
918 1941 959 1996 di·
1010 1940 1113 1996 omisso
1127 1942 1178 1996 boc
1192 1942 1310 2013 pessimo
1320 1943 1588 2016 additamento‚·ipsa
1601 1941 1738 1998 sententia
1752 1957 1802 2013 per

168 2035 281 2093 vinum
296 2047 453 2106 quanquam
466 2031 595 2104 rationes.
611 2047 679 2103 quas
699 2031 780 2086 affert
799 2029 834 2084 de
855 2029 959 2085 Enthu·
1010 2045 1039 2084 se
1053 2029 1233 2102 puldrenima
1249 2034 1291 2086 est
1306 2036 1334 2086 et
1349 2032 1450 2088 rationi
1472 2049 1505 2088 ac
1521 2032 1675 2104 Scripturas
1693 2032 1802 2086 contor-

169 2122 278 2179 siasmis
295 2126 325 2178 et
342 2119 508 2178 successibus
527 2119 716 2191 imperitomm
734 2134 832 2191 parum
850 2118 958 2173 validae
1010 2116 1071 2172 mis.
1116 2118 1190 2173 Deus
1212 2123 1253 2173 est
1272 2119 1347 2174 enim
1366 2121 1460 2177 lumen
1474 2121 1551 2194 illud,
1566 2121 1641 2191 quod
1661 2118 1802 2175 illuminat

168 2212 233 2270 sint.
266 2211 354 2282 Idem,
379 2213 409 2266 et
427 2207 515 2264 multo
534 2207 688 2281 potioribus
709 2206 885 2279 argumentis,
911 2207 956 2263 de·
1009 2222 1121 2261 omnem
1136 2207 1277 2262 hominem
1291 2209 1445 2265 venientem
1460 2208 1491 2264 in
1504 2211 1576 2266 hunc
1590 2208 1731 2264 mundum
1763 2207 1802 2261 Et

167 2299 316 2358 monstrari
325 2300 416 2373 potest
425 2312 463 2353 ex
471 2296 532 2370 ipsa
543 2296 677 2352 mentium
691 2299 798 2350 natura.
825 2294 958 2350 Aristo-
1008 2294 1110 2350 veritas
1123 2311 1193 2367 quae
1206 2295 1281 2351 intus
1295 2297 1375 2353 nobis
1384 2298 1513 2370 loquitur,
1527 2314 1590 2353 cum
1603 2302 1730 2353 aeternae
1743 2312 1802 2351 eer-

95 2448 98 2455 ,
168 2390 256 2447 teies
270 2393 363 2445 autem
376 2401 472 2442 veram
487 2401 524 2441 ne
536 2385 580 2440 hic
594 2385 625 2441 in
639 2385 733 2441 animo
752 2384 878 2440 imbuerit
897 2400 957 2438 sen·
1008 2383 1135 2438 titudinis
1150 2385 1318 2440 theoremata
1332 2385 1519 2459 intelligimus,
1535 2386 1595 2459 ipsa
1609 2386 1661 2442 Dei
1676 2400 1733 2440 vox
1746 2388 1799 2457 est,

167 2478 284 2535 tantiam
292 2474 481 2550 perniciosam,
491 2472 569 2542 cttjus
583 2490 641 2529 sese
651 2472 719 2530 alibi
729 2477 883 2545 suspectum
897 2472 958 2527 red·
1008 2472 1081 2544 quod
1095 2472 1180 2527 etiam
1194 2473 1302 2529 nomvit
1315 2474 1349 2529 D.
1364 2475 1416 2530 Au
1421 2475 1588 2548 gostinus

167 2566 253 2625 didit:
272 2567 307 2623 dc
321 2563 459 2622 intellectu
478 2567 575 2636 agente
593 2561 749 2635 universali,
766 2561 813 2633 qui
833 2561 907 2617 solus
928 2564 957 2617 et

772 2809 1197 2820 m·-

940 3011 1008 3099 xl

382 3199 504 3322 DE
549 3193 971 3320 SCIENTIA
1014 3194 1580 3320 UNIVERSALI

943 3392 1037 3468 sso‘

461 3548 464 3555 ·
567 3535 862 3644 omento
900 3533 1403 3646 annosoomoo

282 3829 321 3887 (1.
339 3830 438 3878 mbcdls
456 3827 674 3877 Lclbnltlauls
691 3827 799 3873 nondun
816 3822 897 3888 odilla,
915 3838 982 3883 uuae
998 3831 1148 3877 llaneverac
1170 3828 1196 3875 ln
1218 3829 1366 3876 blanemecs
1387 3828 1469 3887 negt·
1490 3831 1680 3889 usamentum)

211 4059 312 4116 Omnia
330 4074 400 4133 quae
419 4062 491 4115 certe
509 4056 705 4130 eogrroscimus,
725 4056 771 4112 vel
789 4055 958 4113 demonstra·
979 4062 983 4155 Ι
1006 4057 1101 4130 quaeri
1115 4059 1151 4116 ab
1166 4058 1324 4116 hominibus
1337 4059 1452 4132 soleant,
1467 4061 1544 4117 nulla
1562 4063 1618 4119 alis
1637 4066 1693 4136 est,
1713 4078 1797 4137 quam

165 4148 301 4222 tionibus,
319 4149 363 4204 vel
381 4147 576 4222 experimentis
594 4147 722 4203 constant
740 4148 770 4201 et
790 4144 820 4201 in
841 4149 957 4218 unoque
979 4188 982 4193 -
1006 4147 1080 4218 (prod
1111 4148 1330 4203 characteres
1354 4150 1565 4207 tractabiles
1589 4152 1797 4209 notionibus

166 4238 323 4294 dominatur
341 4236 421 4293 ratio.
465 4234 537 4290 Nam
555 4234 616 4308 ipsa
635 4250 680 4290 ars
699 4233 859 4290 instituendi
873 4249 956 4307 expe·
1005 4236 1258 4309 respondentes
1291 4240 1372 4292 extra
1403 4253 1533 4294 numeros
1565 4256 1624 4295 non
1651 4240 1794 4299 laberer.
1820 4302 1827 4322 ⁴

164 4327 291 4399 timeam,
306 4326 393 4397 iisque
406 4321 592 4380 utendocrtis
605 4322 759 4379 rationibus
768 4322 873 4394 uitium,
889 4337 956 4394 qua·
1005 4323 1082 4387 Quae
1100 4339 1182 4379 causa
1206 4327 1248 4379 est
1267 4325 1364 4397 etiam,
1383 4342 1432 4381 cur
1450 4343 1487 4383 ne
1505 4327 1663 4384 Geometria
1684 4330 1796 4401 quidem

166 4419 244 4471 tenus
263 4413 368 4470 scilicet
382 4428 400 4467 a
413 4428 477 4468 casu
492 4410 550 4466 sive
563 4411 673 4466 iorttma
687 4427 745 4466 non
758 4411 867 4484 pendet.
911 4405 913 4408 ’
947 4484 950 4488 Α
1004 4410 1136 4467 hactenus
1147 4411 1283 4482 analytice
1297 4417 1412 4470 mactata
1425 4415 1470 4488 sit,
1483 4415 1538 4470 nisi
1547 4420 1681 4489 quatenus
1694 4418 1731 4474 ad
1745 4434 1796 4475 nn-

209 4501 302 4560 Missis
320 4516 393 4557 nunc
413 4497 621 4573 experimentis,
647 4499 748 4573 quippe
768 4516 839 4572 quae
859 4497 955 4554 sumti·
1006 4515 1097 4556 meros
1121 4504 1264 4557 revooatm
1282 4518 1332 4574 per
1355 4503 1482 4574 analysin
1505 4506 1664 4578 speciosam,
1689 4506 1796 4581 inqua

165 4594 217 4651 bm
232 4597 261 4648 et
273 4591 409 4664 apparatu
421 4586 553 4660 indigent,
568 4585 636 4658 quin
656 4590 686 4642 et
699 4589 810 4644 fortuna
823 4586 956 4657 acfiuvan·
1006 4587 1114 4644 numeri
1128 4589 1265 4660 gensum
1280 4590 1366 4646 literis
1382 4590 1566 4665 designantur.
1592 4594 1681 4650 Datur
1700 4600 1795 4652 tamen

166 4686 219 4754 tur,
234 4680 356 4736 dicamus
370 4679 478 4731 tantum
492 4675 526 4731 dc
536 4674 706 4749 perficiendis
719 4676 848 4750 mientiis,
862 4680 957 4749 quate·
1006 4675 1062 4731 alia
1076 4677 1235 4748 analysis
1248 4679 1460 4751 geometriae
1472 4682 1658 4738 sublimior
1672 4699 1794 4756 perpm·

165 4787 216 4825 nus
229 4764 336 4824 ratione
349 4764 481 4820 mtunoo.
679 4829 680 4832 Ἴ
944 4839 948 4847 ,
1005 4765 1081 4838 prios
1094 4765 1273 4840 clmrscterm,
1294 4781 1349 4839 qua
1368 4767 1455 4823 multa
1475 4770 1612 4843 pulchrius
1630 4771 1795 4845 breuiusque

210 4857 371 4929 Progressus
390 4852 457 4928 artis
476 4849 647 4909 inventoriae
665 4850 808 4908 rationalis
827 4869 879 4926 pro
897 4867 956 4909 ma·
1005 4867 1089 4925 quam
1102 4854 1310 4928 pcrdlgebram
1322 4858 1591 4932 praestanun,enjus
1604 4860 1795 4934 etspecimina

166 4960 221 5017 gna
234 4948 312 5016 perte
325 4940 427 5017 pendet
437 4956 455 4995 a
464 4939 629 5014 perfectione
639 4940 706 4995 artis
715 4940 953 4998 characteristioae.
1002 4941 1100 4999 habeo.

165 5033 262 5103 Causa,
275 5047 324 5087 eur
342 5045 401 5086 non
419 5028 473 5084 nisi
492 5028 523 5084 in
540 5027 607 5084 solis
625 5028 746 5084 nmnmis
764 5031 793 5084 et
816 5029 904 5103 lineis,
923 5033 954 5086 et
1047 5031 1084 5088 Et
1097 5030 1160 5087 dari
1170 5031 1416 5090 demonstrationes
1434 5034 1519 5090 mam
1532 5040 1612 5092 extra
1626 5037 1793 5110 magnitudi-

165 5120 247 5177 rcbus
271 5134 341 5192 qnae
365 5117 408 5174 bis
432 5119 681 5191 repraesentantur,
707 5116 952 5174 demonstrationes
1002 5132 1060 5194 aes,
1087 5120 1132 5178 vel
1156 5119 1361 5194 Logicorum
1386 5124 1514 5180 formae
1544 5124 1709 5184 documento
1733 5126 1793 5185 me
