3706 5828
171 347 214 412 52
264 320 267 327 ’
704 353 751 411 ιν.
778 349 1266 409 mmmmmmonrsmn.

172 501 261 570 honor
274 495 404 553 Mathesis
418 490 532 568 (puram
547 493 680 566 intelligo,
694 494 876 566 namreliqaa
891 493 958 566 phy·
981 487 987 576 1
1010 498 1055 548 tur
1079 506 1198 562 eausam,
1223 505 1271 545 cur
1291 506 1390 563 corpus
1414 490 1526 562 aliquod
1549 489 1579 545 in
1606 491 1675 546 hanc
1699 487 1801 563 potius,

173 589 244 644 sime
258 603 321 659 pars
334 578 388 660 est)
401 584 460 655 agit
473 583 508 639 de
522 585 724 654 remmiunna,
746 598 845 656 nempe
858 583 958 652 figura:
1010 597 1094 654 quam
1119 580 1195 634 illam
1215 578 1324 652 piamun
1350 584 1500 634 moveatur.
1533 580 1681 652 Epicuro
1707 580 1801 653 igitur,

174 675 288 745 Physica
301 673 360 746 agit
373 673 407 728 de
420 689 512 728 rerum
522 670 649 743 maaria,
669 675 698 727 et
712 671 801 726 exeis
820 686 882 726 cum
901 686 961 725 eae·
1011 668 1123 740 neganti
1137 667 1264 740 quicquid
1279 672 1405 723 movetur
1423 669 1460 723 ab
1478 669 1534 724 alio
1548 674 1626 724 extra
1641 687 1671 725 se
1685 670 1801 741 moveri,

174 763 241 821 anis
257 761 345 818 musis
369 760 515 832 complexu
534 760 682 816 resultante
706 758 788 814 uruca
807 757 962 829 affectione,
1013 757 1091 814 facile
1105 771 1262 812 accuremus
1274 759 1303 812 et
1318 756 1488 812 laborantem
1502 757 1665 813 existentiae
1679 757 1730 813 Dei
1744 774 1802 813 ecr-

175 868 273 925 nempe
292 853 377 905 motu.
409 848 489 904 Meus
513 849 587 905 enim
612 852 645 903 ut
670 848 784 918 bonum,
804 851 963 920 gratamque
1012 845 1157 902 titudinem
1178 844 1385 901 vindicabimus.
1418 845 1544 901 Alterum
1569 845 1695 914 objicies:
1720 845 1802 901 Ari·

174 940 229 998 sibi
248 955 340 994 rerum
359 939 474 1010 liguram
493 942 522 993 et
548 941 650 992 statarnr
668 935 806 1008 obtineat,
833 934 964 990 materiae
1013 934 1178 990 stotelem
1197 933 1285 989 videri
1300 949 1356 988 non
1371 937 1428 988 tam
1443 951 1479 990 ex
1493 935 1544 989 hoc
1558 936 1706 1006 axiouute,
1727 934 1802 1007 quod

176 1032 282 1085 motum
295 1027 415 1100 praebet
436 1026 509 1081 Nam
523 1024 640 1081 blattaria
654 1041 702 1097 per
716 1040 746 1080 se
760 1027 851 1079 mohu
864 1039 963 1096 expes
1014 1022 1104 1079 onuris
1125 1026 1216 1078 motus
1234 1021 1398 1095 principium
1418 1022 1454 1077 sit
1472 1027 1551 1078 extra
1569 1039 1666 1096 coquis
1686 1027 1801 1095 mamm,

175 1122 225 1174 est
246 1117 340 1171 Motus
354 1114 444 1170 omnis
457 1113 630 1187 principimn,
645 1113 733 1186 Mens,
748 1112 823 1185 quod
836 1116 865 1168 et
886 1109 965 1168 Ari·
1014 1127 1097 1183 quam
1116 1127 1153 1166 ex
1173 1109 1243 1165 alio:
1268 1126 1325 1165 non
1350 1110 1410 1165 dari
1430 1127 1585 1183 proceaermr
1604 1112 1634 1166 in
1652 1111 1802 1183 inlinitum,

176 1203 302 1262 stoteli
317 1207 389 1259 recte
402 1202 499 1258 visum.
1014 1199 1208 1257 ratiodnatum
1221 1216 1289 1271 esse,
1304 1202 1334 1254 at
1349 1215 1413 1254 vcro
1427 1215 1536 1272 quaeso,
1552 1201 1603 1256 Vir
1616 1201 1801 1273 Amplissime,

220 1293 272 1348 xl.
293 1291 375 1362 Nam,
394 1296 427 1346 ut
443 1291 494 1347 huc
512 1307 621 1363 quoque
635 1289 753 1361 suriam,
773 1288 873 1345 nullibi
887 1286 965 1342 Ari·
1015 1292 1044 1344 te
1058 1287 1137 1358 hujus
1150 1288 1350 1343 controversiae
1361 1286 1482 1355 judicem
1496 1289 1605 1362 appello
1619 1293 1745 1361 pictoque,
1759 1292 1803 1343 at·

177 1380 323 1437 stoteles
343 1381 445 1435 turmas
465 1380 596 1452 quasdam
616 1378 810 1434 substantiales
828 1375 964 1446 eiusmodi
1016 1381 1091 1432 tante
1109 1376 1220 1448 cogitas,
1242 1392 1279 1430 an
1300 1392 1357 1430 non
1376 1376 1515 1449 utriusque
1527 1376 1720 1447 conjunctione
1733 1394 1803 1449 opus

177 1468 231 1526 sibi
244 1467 409 1540 imaginatus
422 1467 538 1542 videtur,
554 1483 624 1539 quae
637 1484 687 1538 por
700 1485 729 1522 sc
743 1467 799 1521 sint
811 1482 893 1521 causa
907 1480 966 1519 mo·
1015 1466 1060 1521 sit.
1092 1464 1165 1519 Nam
1179 1464 1232 1519 nisi
1246 1465 1407 1520 admittatur
1427 1466 1501 1537 quod
1519 1470 1644 1521 movetur
1662 1465 1698 1522 ab
1712 1470 1803 1521 exha-

178 1563 234 1629 tus¹
248 1557 279 1612 in
303 1557 471 1629 eoqroribus,
498 1556 729 1628 quemadmodum
743 1553 901 1610 Scholastici
921 1568 965 1607 ca·
1015 1570 1069 1610 nco
1088 1553 1202 1625 moveri,
1218 1553 1299 1625 plane
1323 1552 1359 1608 ad
1385 1554 1490 1608 nullum
1505 1570 1659 1627 processum
1678 1554 1804 1610 devenie-

178 1647 266 1720 piuut,
286 1644 383 1702 delinit
400 1644 511 1716 quidem
531 1650 668 1716 naturam,
688 1643 853 1717 principium
874 1645 966 1698 moos
1016 1660 1085 1715 mars,
1100 1641 1202 1698 nedum
1215 1641 1252 1697 ad
1265 1642 1419 1714 inlinitum,
1440 1659 1506 1697 narn
1524 1642 1695 1699 advesarius
1708 1643 1804 1698 statim

178 1739 208 1791 et
221 1733 332 1805 quietis,
352 1737 381 1789 ct
395 1735 512 1789 tonnam
526 1733 723 1803 materiamque
735 1736 818 1787 vocat
830 1735 965 1800 naturam,
1016 1733 1052 1788 ab
1073 1731 1153 1786 initio
1179 1729 1299 1803 resistet,
1324 1733 1353 1785 et
1377 1730 1472 1786 datum
1491 1731 1602 1803 aliquod
1628 1747 1726 1804 coquas
1748 1731 1805 1787 sibi

180 1825 297 1879 formam
319 1825 412 1878 autem
432 1822 519 1895 nragis
544 1837 626 1894 quam
647 1821 805 1891 materiam,
831 1819 880 1874 sed
904 1818 967 1874 hinc
1016 1820 1069 1893 ipsi
1095 1819 1258 1874 admotum
1281 1818 1486 1891 producendum
1511 1837 1559 1892 pcr
1584 1823 1701 1875 lornram
1725 1835 1805 1875 marm

179 1910 253 1983 quod
267 1910 419 1966 sdrulastici
432 1910 530 1965 volunt
548 1927 607 1965 non
625 1909 755 1981 sequitur,
776 1911 895 1963 somnam
909 1923 967 1963 esse
1016 1907 1224 1965 substantialem
1238 1908 1368 1979 sufficere,
1389 1909 1466 1964 nullo
1485 1909 1567 1980 igitur
1585 1914 1691 1964 motore
1704 1908 1806 1965 rredum

179 1999 318 2071 quoddam
342 1999 526 2072 incorporale,
551 1999 663 2055 brutum
683 2002 777 2052 tamen
799 1996 831 2051 in
849 1995 968 2069 corpori
1018 1997 1117 2071 primo,
1133 2013 1201 2070 opus
1215 2012 1282 2068 csse,
1297 1997 1481 2068 respondebit
1508 1997 1638 2053 Concidet
1651 2014 1717 2069 ergo
1731 1998 1806 2053 scala

180 2088 240 2159 bus,
255 2087 329 2159 quod
341 2087 433 2160 ipsum
446 2103 496 2142 sua
510 2092 607 2158 sponte
626 2086 686 2141 sine
699 2090 829 2141 externae
850 2084 888 2140 rci
903 2097 968 2139 con-
1018 2086 1067 2141 illa
1081 2085 1172 2158 primo
1186 2085 1281 2139 statim
1299 2085 1386 2157 gradu
1405 2090 1434 2140 et
1447 2086 1522 2141 velut
1543 2086 1721 2142 fundamento
1741 2086 1806 2142 sub·

180 2191 260 2251 sensu
274 2180 381 2230 motum
394 2174 512 2249 corpori,
527 2175 605 2231 verbi
625 2175 713 2247 gratia
728 2174 821 2247 lapidi,
841 2174 968 2229 deorsum
1019 2178 1113 2230 tracto.
1149 2174 1255 2229 Deinde
1268 2173 1353 2229 etiam
1367 2173 1532 2246 Epicurus
1551 2190 1706 2247 processum
1721 2174 1750 2229 in
1764 2174 1807 2230 in·

181 2265 319 2337 praebeat
362 2263 435 2319 Nam
454 2267 543 2320 ternu
562 2263 673 2336 quidem
692 2266 734 2318 est
753 2279 834 2317 carisa
853 2266 881 2316 ct
895 2261 969 2334 prin·
1018 2263 1127 2319 finitum
1140 2262 1313 2334 admittebat,
1333 2279 1398 2335 ergo
1413 2267 1543 2318 nontam
1557 2263 1622 2336 quid
1637 2263 1807 2336 Epicurus

180 2352 283 2426 cipium
297 2356 396 2425 motus,
412 2348 459 2408 sed
473 2368 530 2407 non
545 2351 672 2424 primum.
705 2350 800 2423 Neque
820 2350 895 2406 eninr
909 2366 969 2404 eor·
1018 2352 1154 2423 admittat,
1169 2351 1214 2406 vel
1228 2366 1284 2405 non
1298 2350 1433 2422 admittat,
1448 2367 1531 2424 quarn
1545 2352 1611 2423 quid
1625 2352 1806 2408 demonstrari

181 2458 232 2514 pus
246 2446 380 2513 movetur,
395 2441 449 2496 rrisi
462 2440 499 2496 ab
513 2441 667 2496 extrinseco
682 2444 832 2510 moveatur,
852 2443 882 2494 ut
896 2442 968 2494 reete
1018 2445 1092 2496 certo
1108 2439 1202 2512 possit,
1217 2438 1366 2494 videndum
1385 2445 1434 2496 est
1466 2440 1669 2496 Aristotelicum
1687 2441 1808 2512 philoso-

181 2529 394 2586 Aristoteles
420 2546 478 2585 non
502 2529 569 2585 dicit
592 2532 709 2600 tantum,
734 2528 782 2583 sed
808 2532 835 2582 et
856 2528 968 2582 demon·
1018 2529 1112 2602 phiam
1136 2530 1300 2584 rciomratae
1327 2528 1411 2601 ipsius
1430 2529 1616 2602 philosophiae
1640 2528 1808 2584 inevitabilis

182 2623 260 2689 strat,
275 2619 352 2675 verbi
367 2619 463 2690 gratia,
479 2618 516 2673 sit
529 2618 627 2689 globus
646 2618 677 2672 in
690 2617 783 2690 plano,
804 2615 828 2670 is
846 2616 870 2670 si
884 2615 968 2670 semel
1018 2622 1131 2673 evcnhu
1145 2616 1264 2672 breviter
1278 2616 1436 2689 attingenda
1455 2621 1498 2673 est
1519 2616 1560 2688 ¹).
1604 2618 1714 2674 Scilicet
1733 2618 1808 2690 quod

182 2706 304 2778 quiescat
322 2724 371 2780 per
389 2724 420 2762 se
439 2707 470 2761 iu
489 2710 630 2761 aeternum
649 2722 707 2760 non
728 2704 894 2775 movebitur,
914 2701 968 2757 nisi
1018 2705 1172 2777 theologis,
1187 2704 1262 2760 idem
1275 2708 1305 2760 et
1321 2705 1492 2778 Philosophis
1505 2706 1642 2779 agendum
1655 2710 1706 2762 ost.
1738 2705 1808 2762 Scri·

183 2794 328 2850 assedente
346 2795 500 2851 extr-inseeo
520 2794 677 2866 impulsore,
700 2792 777 2848 serbi
796 2792 892 2864 gratia,
912 2791 969 2846 alio
1019 2799 1128 2868 pturam
1142 2809 1248 2849 sacram
1260 2793 1348 2850 sancti
1362 2795 1457 2850 Patres
1476 2794 1589 2868 optimis
1608 2795 1809 2867 inteqrrctatio·

183 2899 306 2955 ooqrore
339 2883 381 2938 Eo
392 2883 453 2952 jam
466 2882 611 2954 allabente,
629 2883 745 2937 alterum
760 2897 857 2953 corpus
871 2879 970 2953 princi·
1020 2884 1101 2940 nibus
1120 2882 1305 2954 illustrarunt,
1325 2899 1393 2939 mox
1412 2882 1541 2939 Monaehi
1561 2884 1741 2940 obscurarunt
1764 2900 1809 2939 su·

99 3043 102 3048 .
184 2971 263 3044 pium
277 2975 368 3026 motus
382 2971 505 3044 impressi
516 2977 566 3042 est,
581 2971 667 3042 ligura
677 2987 751 3041 vero,
762 2984 861 3041 nempe
875 2969 970 3041 globo
1020 2971 1240 3046 perstitionibus:
1262 2972 1331 3027 Orta
1351 2972 1411 3028 luco
1429 2972 1585 3028 animomm
1600 2971 1749 3044 'lireologia
1768 2989 1809 3027 re·

184 3059 260 3132 sitas,
275 3063 317 3115 est
330 3059 493 3133 principium
507 3064 598 3115 motas
611 3058 736 3131 suscepti,
756 3073 823 3112 nam
838 3057 861 3111 si
876 3056 971 3129 globo·
1021 3064 1138 3117 sonnata
1152 3059 1253 3132 triplex
1266 3064 1316 3132 est,
1331 3060 1386 3115 alia
1400 3060 1543 3134 lraeretim,
1564 3076 1634 3133 quae
1652 3059 1726 3133 ipsas
1745 3061 1810 3115 scri·

184 3147 251 3202 atas
265 3146 405 3221 abdrissct,
425 3150 496 3203 torte
509 3136 562 3221 pro'
573 3164 604 3202 re
618 3153 692 3218 nata,
707 3162 805 3219 corpis
819 3145 898 3200 altari
912 3161 971 3200 cor
1021 3155 1115 3222 pturas
1143 3147 1241 3221 rejicit,
1266 3152 1298 3204 ut
1323 3149 1520 3221 terraticorunr3
1550 3149 1606 3205 alia
1630 3149 1809 3221 schismatica,

185 3235 246 3309 pori
264 3240 323 3291 tam
343 3237 424 3292 facile
442 3252 500 3291 non
517 3236 648 3292 erasisset.
680 3236 725 3290 Ex
742 3235 794 3290 hoc
814 3238 891 3307 patet
907 3249 972 3288 con·
1021 3254 1091 3311 quae
1116 3237 1218 3310 priscos
1244 3241 1334 3309 putres
1359 3238 1487 3293 missiae
1511 3238 1635 3293 doctores
1658 3253 1721 3292 cum
1745 3237 1810 3293 scri·

184 3327 293 3396 ceptum
307 3326 413 3380 termae
426 3324 615 3380 scholasticum
636 3339 672 3379 ex
686 3323 845 3379 delinitione
858 3326 972 3377 naturae
1021 3331 1102 3399 ptura
1128 3341 1220 3399 sacra,
1252 3329 1281 3380 et
1305 3325 1446 3396 primitiva
1471 3326 1583 3382 ecclesia
1607 3326 1751 3397 conciliat,
1778 3329 1810 3381 ut

186 3411 360 3469 Aristotelicas
384 3429 443 3468 non
466 3412 551 3484 sequi.
584 3413 684 3468 Fonua
709 3411 793 3484 igitur
812 3415 854 3466 est
873 3409 972 3483 princi·
1021 3414 1248 3487 Evangelicorum
1265 3406 1300 3484 ²)
1320 3414 1447 3471 similiter
1467 3414 1701 3470 Aristotelem
1716 3415 1811 3470 Patres

186 3501 263 3574 pium
282 3505 372 3557 mohrs
395 3501 426 3556 in
447 3517 498 3556 suo
522 3515 636 3575 corpore
656 3504 686 3556 et
704 3515 802 3572 corpus
822 3499 912 3572 ipsum
931 3503 972 3553 est
1022 3503 1118 3559 Graeci
1140 3502 1322 3574 illustrarunt,
1351 3503 1502 3559 scholastici
1522 3504 1702 3559 obscuramnt
1720 3503 1809 3575 nugis.

186 3589 351 3664 principium
365 3594 456 3645 motus
469 3589 500 3644 in
519 3590 574 3645 alio
594 3605 707 3662 corpore
726 3591 828 3657 lateor3
849 3588 897 3644 sed
918 3586 972 3660 pri·
1022 3593 1091 3648 urta
1110 3591 1177 3662 lucc,
1197 3591 1369 3664 pbilosophis
1388 3594 1536 3647 resomrata
1556 3591 1658 3664 triplex
1677 3594 1733 3647 est:
1754 3591 1811 3646 alia

187 3693 264 3734 mum
277 3678 441 3752 principium
455 3681 546 3733 motus
560 3682 601 3733 est
615 3677 704 3750 prima
718 3681 747 3731 et
760 3675 871 3733 realiter
884 3694 902 3732 a
915 3691 973 3730 ma·
1022 3677 1122 3736 stolida
1136 3678 1224 3751 qualis
1237 3679 1427 3752 Paracelsi,
1449 3679 1660 3752 liclnrontii,
1680 3679 1811 3735 aliomnr·

187 3767 256 3822 teria
274 3768 411 3823 abstracta
431 3768 535 3838 tonna,
562 3759 645 3841 (quae
668 3765 751 3819 simul
772 3767 814 3820 cst
833 3759 971 3840 efficiens)
1023 3785 1084 3841 quo,
1100 3767 1330 3824 Aristotelem
1349 3785 1459 3842 prorsus
1472 3768 1668 3839 mjicicntimm
1687 3767 1744 3823 aha
1764 3785 1811 3824 au·

187 3870 286 3928 nempe
300 3856 387 3911 Mens.
427 3855 499 3911 Hinc
518 3856 548 3910 in
568 3855 641 3909 solas
656 3856 760 3909 mentes
774 3851 848 3908 eadit
861 3852 973 3908 libertas
1023 3859 1088 3929 dax,
1103 3871 1174 3928 quac
1183 3857 1283 3929 exigua
1293 3863 1415 3914 veterum
1427 3875 1491 3913 cura
1501 3857 1588 3913 inuno
1598 3862 1755 3929 contemptu
1766 3873 1812 3912 co

187 3946 216 3999 ct
234 3948 423 4017 spontaneum.
458 3943 616 3999 Absurdum
635 3958 700 4014 ergo
720 3957 777 3996 non
796 3945 848 4012 cst,
864 3941 974 3997 unicam
1023 3962 1085 4002 rum
1106 3945 1198 4018 palam
1217 3945 1319 4018 habito,
1341 3947 1427 4002 bonas
1446 3945 1530 4001 etiarn
1544 3945 1736 4002 meditationes
1748 3962 1812 4000 suas

187 4032 333 4088 externus
347 4016 571 4088 substantialibus
590 4034 711 4086 mentem
730 4028 896 4102 principium
915 4046 974 4084 mo
1024 4037 1161 4108 suqreetas
1175 4034 1302 4105 reddrurt,
1318 4034 1381 4090 talis
1394 4034 1561 4106 Cartesii3
1582 4034 1637 4089 alia
1656 4050 1732 4106 veru,
1752 4033 1812 4105 qui·

188 4123 232 4174 tus
245 4120 365 4192 primum
383 4119 446 4191 dici,
466 4123 586 4176 caeteras
599 4136 617 4175 a
631 4122 722 4174 mente
741 4122 846 4173 motum
866 4117 973 4174 habere
1025 4124 1077 4184 bus
1091 4123 1316 4196 Aristotcles,
1330 4122 1374 4178 vir
1388 4139 1511 4196 magrrrrs,
1532 4127 1562 4180 et
1575 4123 1605 4178 in
1619 4121 1754 4196 plerisque
1768 4139 1813 4177 ve·

188 4208 224 4263 Et
238 4208 290 4264 hoc
303 4211 463 4280 argumenta
477 4207 617 4264 adscendit
636 4207 673 4263 ad
692 4206 811 4279 primum
831 4210 973 4262 meterem.
1024 4229 1071 4269 ms
1084 4211 1264 4285 cognoscitur.

187 4296 257 4351 Huic
270 4295 420 4363 ⁰bjoefi⁰ni
440 4295 584 4369 duplititer
596 4295 756 4368 “Spondoer
776 4294 905 4368 primum,
924 4294 975 4349 ¹¹00
1068 4301 1132 4356 XlL
1166 4299 1246 4356 Nunc
1270 4299 1414 4356 conciliata
1441 4299 1502 4367 jam
1526 4316 1589 4356 cunr
1615 4299 1813 4355 Aristotele

187 4389 377 4456 argumentum
403 4384 472 4440 nihil
498 4400 577 4457 posse
601 4383 674 4456 apud
698 4382 900 4456 Epicurum,
925 4383 974 4454 qui
1024 4388 1195 4463 philosophia
1209 4390 1367 4466 reionnata,
1387 4392 1471 4443 restat
1490 4389 1576 4461 ipsius
1596 4405 1693 4461 perse
1712 4386 1813 4443 veritas

189 4472 244 4527 suis
258 4473 359 4528 atomis
373 4473 504 4544 largiatur
522 4489 572 4546 per
590 4489 620 4528 se
635 4477 741 4528 motum
756 4471 890 4527 deorsum.
923 4471 974 4526 Fa·
1024 4478 1191 4548 ostendatur,
1216 4493 1327 4549 morsus
1355 4477 1585 4549 quemadmodum
1613 4477 1710 4549 religio
1738 4474 1814 4530 triri-

188 4566 248 4617 taor
262 4562 334 4634 apud
348 4577 412 4617 curn
425 4560 494 4616 nihil
509 4576 588 4633 posse
602 4561 653 4617 troc
666 4563 864 4633 argumentum,
880 4557 973 4614 nisisi
1024 4566 1129 4638 stiana,
1156 4568 1215 4620 tunr
1234 4579 1270 4621 ex
1289 4565 1398 4621 ratione
1416 4571 1445 4622 et
1463 4565 1590 4638 historia,
1611 4570 1671 4621 turn
1691 4581 1728 4620 cx
1749 4563 1814 4619 scri-

187 4649 461 4722 praedemonstretur,
475 4649 527 4704 hoe
541 4649 630 4722 ipsum
645 4648 794 4705 ahsmdum
808 4652 837 4704 et
849 4646 974 4720 impossi·
1004 4677 1006 4680 <
1026 4681 1236 4693 ----

188 4737 244 4793 bile
268 4755 342 4810 esse,
368 4737 444 4810 quod
466 4754 564 4810 eorpms
589 4738 688 4794 habeat
714 4740 820 4792 motum
839 4751 857 4791 a
876 4736 974 4809 seipso.
1065 4743 1092 4800 ¹)
1112 4749 1238 4793 observ.
1264 4750 1430 4797 rncmssrr.
1466 4749 1507 4795 stc
1530 4751 1648 4805 scriptum
1673 4756 1728 4796 erat
1746 4762 1763 4797 s
1780 4754 1812 4798 ll·

188 4825 766 4897 QuodetjamqumCicero,nisa]101-‚
786 4824 817 4880 in
837 4823 916 4880 libris
940 4823 975 4879 (10
1025 4820 1116 4876 bruris,
1143 4819 1187 4865 sed
1210 4820 1262 4865 hiat
1285 4821 1351 4869 alias
1373 4824 1436 4868 haee
1459 4822 1588 4876 periodus:
1615 4833 1661 4866 nec
1683 4824 1814 4870 lectionem

189 4913 836 4986 naumuoommlacitclegantaupicurom
850 4912 965 4968 rorans
1026 4892 1082 4946 ⁸³⁰⁵
1099 4889 1229 4935 ⁰⁰⁰⁸¹¹¹¹¹⁰·

208 5002 262 5057 uod
295 4999 909 5059 uildomsinecausaetrationeinsuish
966 4951 974 4983 ’
1065 4971 1424 5031 ’Jorrcrnrromsrc
1459 4980 1539 5058 erran
1557 4979 1814 5036 ueououuoeeoq

188 5018 207 5074 q
275 5018 294 5074 q
909 5015 976 5073 Ψ).
1027 5052 1099 5096 datur
1116 5049 1180 5093 enim
1198 5061 1242 5104 pro
1261 5050 1351 5105 triplici
1369 5053 1493 5108 theologia
1511 5056 1604 5095 rantum
1614 5051 1714 5104 duplex.
1743 5052 1839 5097 scri--

189 5089 308 5145 ‘'¹⁶⁸3''OE
326 5092 378 5147 ΜΕ
398 5091 481 5147 ¹¹¹⁰d⁰
501 5089 662 5145 immduoet·
693 5089 766 5144 Nam
780 5088 810 5143 in
824 5102 916 5144 mm
927 5104 976 5143 Μ’
1026 5121 1110 5175 puisse
1128 5125 1199 5174 puto:
1218 5107 1269 5165 sui
1287 5121 1454 5176 schismatica,
1473 5121 1523 5166 alla
1541 5130 1612 5179 veru,
1631 5130 1696 5174 quae
1715 5121 1814 5177 priscus

189 5183 251 5235 tura
264 5179 334 5235 nihil
348 5197 407 5236 esse
420 5179 557 5250 deorsum,
578 5177 626 5234 sed
641 5177 732 5251 quoad
746 5192 807 5250 1108,
825 5191 913 5250 neque
925 5176 977 5250 igi·
1027 5193 1118 5239 Patres
1134 5195 1182 5236 etc.
1199 5191 1289 5238 center
1306 5198 1458 5246 sequentem.
