<?xml version="1.0" encoding="UTF-8"?>
<!DOCTYPE html PUBLIC "-//W3C//DTD XHTML 1.0 Transitional//EN"
    "http://www.w3.org/TR/xhtml1/DTD/xhtml1-transitional.dtd">
<html xmlns="http://www.w3.org/1999/xhtml" xml:lang="en" lang="en">
 <head>
  <title>
</title>
<meta http-equiv="Content-Type" content="text/html;charset=utf-8" />
  <meta name='ocr-system' content='tesseract 3.04.00' />
  <meta name='ocr-capabilities' content='ocr_page ocr_carea ocr_par ocr_line ocrx_word'/>
</head>
<body>
  <div class='ocr_page' id='page_1' title='image "./operaphilosophi00erdmgoog/operaphilosophi00erdmgoog_0021.png"; bbox 0 0 3706 5828; ppageno 0'>
   <div class='ocr_carea' id='block_1_1' title="bbox 159 310 1172 377">
    <p class='ocr_par' dir='ltr' id='par_1_1' title="bbox 159 310 1172 377">
     <span class='ocr_line' id='line_1_1' title="bbox 159 310 1172 377; baseline -0.008 0"><span class='ocrx_word' id='word_1_1' title='bbox 159 312 230 377; x_wconf 68' lang='lat' dir='ltr'><strong>m</strong></span> <span class='ocrx_word' id='word_1_2' title='bbox 777 310 1172 371; x_wconf 71' lang='lat' dir='ltr'><strong>caessarto.</strong></span> 
     </span>
    </p>
   </div>
   <div class='ocr_carea' id='block_1_2' title="bbox 161 441 1794 770">
    <p class='ocr_par' dir='ltr' id='par_1_2' title="bbox 161 441 1794 770">
     <span class='ocr_line' id='line_1_2' title="bbox 163 441 1794 516; baseline -0.004 0"><span class='ocrx_word' id='word_1_3' title='bbox 163 448 239 516; x_wconf 70' lang='lat' dir='ltr'><strong>«dm</strong></span> <span class='ocrx_word' id='word_1_4' title='bbox 260 469 394 515; x_wconf 85' lang='lat' dir='ltr'><strong>oeuvres</strong></span> <span class='ocrx_word' id='word_1_5' title='bbox 414 444 457 514; x_wconf 89' lang='lat' dir='ltr'><strong>de</strong></span> <span class='ocrx_word' id='word_1_6' title='bbox 476 441 619 512; x_wconf 85' lang='lat' dir='ltr'><strong>Leibnita</strong></span> <span class='ocrx_word' id='word_1_7' title='bbox 638 442 670 511; x_wconf 91' lang='lat' dir='ltr'><strong>le</strong></span> <span class='ocrx_word' id='word_1_8' title='bbox 691 445 761 512; x_wconf 90' lang='lat' dir='ltr'><strong>soin</strong></span> <span class='ocrx_word' id='word_1_9' title='bbox 782 443 823 512; x_wconf 92' lang='lat' dir='ltr'><strong>de</strong></span> <span class='ocrx_word' id='word_1_10' title='bbox 843 443 965 513; x_wconf 86' lang='lat' dir='ltr'><strong>donner</strong></span> <span class='ocrx_word' id='word_1_11' title='bbox 986 466 1026 512; x_wconf 94' lang='lat' dir='ltr'><strong>en</strong></span> <span class='ocrx_word' id='word_1_12' title='bbox 1047 445 1148 511; x_wconf 89' lang='lat' dir='ltr'><strong>entier</strong></span> <span class='ocrx_word' id='word_1_13' title='bbox 1169 452 1276 511; x_wconf 87' lang='lat' dir='ltr'><strong>toutes</strong></span> <span class='ocrx_word' id='word_1_14' title='bbox 1297 466 1350 511; x_wconf 90' lang='lat' dir='ltr'><strong>ses</strong></span> <span class='ocrx_word' id='word_1_15' title='bbox 1370 442 1531 513; x_wconf 82' lang='lat' dir='ltr'><strong>lettres...</strong></span> <span class='ocrx_word' id='word_1_16' title='bbox 1580 441 1673 512; x_wconf 86' lang='lat' dir='ltr'><strong>Nous</strong></span> <span class='ocrx_word' id='word_1_17' title='bbox 1695 466 1794 511; x_wconf 88' lang='lat' dir='ltr'><strong>avons</strong></span> 
     </span>
     <span class='ocr_line' id='line_1_3' title="bbox 162 556 1793 655; baseline 0 -29"><span class='ocrx_word' id='word_1_18' title='bbox 162 566 246 655; x_wconf 71' lang='lat' dir='ltr'><strong>,pris</strong></span> <span class='ocrx_word' id='word_1_19' title='bbox 268 561 298 630; x_wconf 90' lang='lat' dir='ltr'><strong>le</strong></span> <span class='ocrx_word' id='word_1_20' title='bbox 320 563 401 653; x_wconf 81' lang='lat' dir='ltr'><strong>parti</strong></span> <span class='ocrx_word' id='word_1_21' title='bbox 422 560 494 629; x_wconf 88' lang='lat' dir='ltr'><strong>d’en</strong></span> <span class='ocrx_word' id='word_1_22' title='bbox 515 558 637 628; x_wconf 84' lang='lat' dir='ltr'><strong>donner</strong></span> <span class='ocrx_word' id='word_1_23' title='bbox 657 560 698 626; x_wconf 91' lang='lat' dir='ltr'><strong>ici</strong></span> <span class='ocrx_word' id='word_1_24' title='bbox 720 559 777 627; x_wconf 90' lang='lat' dir='ltr'><strong>des</strong></span> <span class='ocrx_word' id='word_1_25' title='bbox 800 561 936 626; x_wconf 72' lang='lat' dir='ltr'><strong>extrmh.</strong></span> <span class='ocrx_word' id='word_1_26' title='bbox 978 556 1133 651; x_wconf 80' lang='lat' dir='ltr'><strong>Nausea</strong></span> <span class='ocrx_word' id='word_1_27' title='bbox 1155 582 1255 628; x_wconf 85' lang='lat' dir='ltr'><strong>avons</strong></span> <span class='ocrx_word' id='word_1_28' title='bbox 1276 557 1441 627; x_wconf 78' lang='lat' dir='ltr'><strong>retraneht</strong></span> <span class='ocrx_word' id='word_1_29' title='bbox 1461 557 1509 627; x_wconf 88' lang='lat' dir='ltr'><strong>les</strong></span> <span class='ocrx_word' id='word_1_30' title='bbox 1530 558 1702 628; x_wconf 86' lang='lat' dir='ltr'><strong>discutione</strong></span> <span class='ocrx_word' id='word_1_31' title='bbox 1723 561 1793 626; x_wconf 87' lang='lat' dir='ltr'><strong>mc&#39;·</strong></span> 
     </span>
     <span class='ocr_line' id='line_1_4' title="bbox 161 671 1794 770; baseline -0.003 -25"><span class='ocrx_word' id='word_1_32' title='bbox 161 678 386 770; x_wconf 84' lang='lat' dir='ltr'><strong>·taphysiques</strong></span> <span class='ocrx_word' id='word_1_33' title='bbox 414 678 469 768; x_wconf 89' lang='lat' dir='ltr'><strong>qui</strong></span> <span class='ocrx_word' id='word_1_34' title='bbox 489 699 572 744; x_wconf 91' lang='lat' dir='ltr'><strong>nous</strong></span> <span class='ocrx_word' id='word_1_35' title='bbox 592 684 649 742; x_wconf 90' lang='lat' dir='ltr'><strong>ont</strong></span> <span class='ocrx_word' id='word_1_36' title='bbox 670 699 749 766; x_wconf 90' lang='lat' dir='ltr'><strong>paru</strong></span> <span class='ocrx_word' id='word_1_37' title='bbox 777 684 849 764; x_wconf 92' lang='lat' dir='ltr'><strong>trop</strong></span> <span class='ocrx_word' id='word_1_38' title='bbox 870 672 999 743; x_wconf 77' lang='lat' dir='ltr'><strong>subtiles</strong></span> <span class='ocrx_word' id='word_1_39' title='bbox 1028 683 1062 741; x_wconf 92' lang='lat' dir='ltr'><strong>et</strong></span> <span class='ocrx_word' id='word_1_40' title='bbox 1081 684 1153 766; x_wconf 92' lang='lat' dir='ltr'><strong>trop</strong></span> <span class='ocrx_word' id='word_1_41' title='bbox 1175 672 1370 765; x_wconf 83' lang='lat' dir='ltr'><strong>alambiques</strong></span> <span class='ocrx_word' id='word_1_42' title='bbox 1398 696 1481 765; x_wconf 88' lang='lat' dir='ltr'><strong>pour</strong></span> <span class='ocrx_word' id='word_1_43' title='bbox 1501 673 1570 742; x_wconf 73' lang='lat' dir='ltr'><strong>dtre</strong></span> <span class='ocrx_word' id='word_1_44' title='bbox 1591 671 1753 766; x_wconf 64' lang='lat' dir='ltr'><strong>agriables</strong></span> <span class='ocrx_word' id='word_1_45' title='bbox 1774 673 1794 740; x_wconf 83' lang='lat' dir='ltr'><strong>ir</strong></span> 
     </span>
    </p>
   </div>
   <div class='ocr_carea' id='block_1_3' title="bbox 155 787 1796 1690">
    <p class='ocr_par' dir='ltr' id='par_1_3' title="bbox 155 787 1796 1690">
     <span class='ocr_line' id='line_1_5' title="bbox 160 787 1794 881; baseline 0 -26"><span class='ocrx_word' id='word_1_46' title='bbox 160 816 238 861; x_wconf 76' lang='lat' dir='ltr'><strong>‚nos</strong></span> <span class='ocrx_word' id='word_1_47' title='bbox 259 790 428 874; x_wconf 89' lang='lat' dir='ltr'><strong>Leeteurs,</strong></span> <span class='ocrx_word' id='word_1_48' title='bbox 456 800 489 858; x_wconf 92' lang='lat' dir='ltr'><strong>et</strong></span> <span class='ocrx_word' id='word_1_49' title='bbox 509 788 684 878; x_wconf 71' lang='lat' dir='ltr'><strong>peut-titre</strong></span> <span class='ocrx_word' id='word_1_50' title='bbox 705 788 813 856; x_wconf 73' lang='lat' dir='ltr'><strong>mrime</strong></span> <span class='ocrx_word' id='word_1_51' title='bbox 833 799 904 879; x_wconf 87' lang='lat' dir='ltr'><strong>trop</strong></span> <span class='ocrx_word' id='word_1_52' title='bbox 926 787 1137 880; x_wconf 87' lang='lat' dir='ltr'><strong>dangereuses</strong></span> <span class='ocrx_word' id='word_1_53' title='bbox 1157 788 1275 856; x_wconf 74' lang='lat' dir='ltr'><strong>des-lb</strong></span> <span class='ocrx_word' id='word_1_54' title='bbox 1300 813 1364 879; x_wconf 85' lang='lat' dir='ltr'><strong>que</strong></span> <span class='ocrx_word' id='word_1_55' title='bbox 1385 811 1466 855; x_wconf 89' lang='lat' dir='ltr'><strong>nous</strong></span> <span class='ocrx_word' id='word_1_56' title='bbox 1496 813 1539 857; x_wconf 90' lang='lat' dir='ltr'><strong>ne</strong></span> <span class='ocrx_word' id='word_1_57' title='bbox 1559 790 1714 881; x_wconf 87' lang='lat' dir='ltr'><strong>pouvions</strong></span> <span class='ocrx_word' id='word_1_58' title='bbox 1736 811 1794 879; x_wconf 90' lang='lat' dir='ltr'><strong>pas</strong></span> 
     </span>
     <span class='ocr_line' id='line_1_6' title="bbox 159 901 1794 1000; baseline -0.003 -24"><span class='ocrx_word' id='word_1_59' title='bbox 159 932 201 998; x_wconf 84' lang='lat' dir='ltr'><strong>·y</strong></span> <span class='ocrx_word' id='word_1_60' title='bbox 227 907 350 1000; x_wconf 88' lang='lat' dir='ltr'><strong>jaindre</strong></span> <span class='ocrx_word' id='word_1_61' title='bbox 374 905 421 974; x_wconf 85' lang='lat' dir='ltr'><strong>les</strong></span> <span class='ocrx_word' id='word_1_62' title='bbox 449 905 608 997; x_wconf 72' lang='lat' dir='ltr'><strong>repliques</strong></span> <span class='ocrx_word' id='word_1_63' title='bbox 636 903 677 970; x_wconf 91' lang='lat' dir='ltr'><strong>de</strong></span> <span class='ocrx_word' id='word_1_64' title='bbox 703 902 761 971; x_wconf 80' lang='lat' dir='ltr'><strong>ttr.</strong></span> <span class='ocrx_word' id='word_1_65' title='bbox 783 902 953 972; x_wconf 76' lang='lat' dir='ltr'><strong>amauit·</strong></span> <span class='ocrx_word' id='word_1_66' title='bbox 977 942 1023 954; x_wconf 91' lang='lat'><strong>—-</strong></span> <span class='ocrx_word' id='word_1_67' title='bbox 1050 903 1161 993; x_wconf 87' lang='lat' dir='ltr'><strong>ltaque</strong></span> <span class='ocrx_word' id='word_1_68' title='bbox 1183 907 1301 985; x_wconf 90' lang='lat' dir='ltr'><strong>evenit,</strong></span> <span class='ocrx_word' id='word_1_69' title='bbox 1328 905 1417 971; x_wconf 90' lang='lat' dir='ltr'><strong>utin</strong></span> <span class='ocrx_word' id='word_1_70' title='bbox 1438 902 1486 972; x_wconf 89' lang='lat' dir='ltr'><strong>bis</strong></span> <span class='ocrx_word' id='word_1_71' title='bbox 1513 905 1697 994; x_wconf 71' lang='lat' dir='ltr'><strong>fragmentis</strong></span> <span class='ocrx_word' id='word_1_72' title='bbox 1718 901 1794 971; x_wconf 86' lang='lat' dir='ltr'><strong>nihil</strong></span> 
     </span>
     <span class='ocr_line' id='line_1_7' title="bbox 155 1017 1796 1111; baseline -0.003 -20"><span class='ocrx_word' id='word_1_73' title='bbox 155 1024 307 1104; x_wconf 79' lang='lat' dir='ltr'><strong>invenias,</strong></span> <span class='ocrx_word' id='word_1_74' title='bbox 335 1021 420 1111; x_wconf 89' lang='lat' dir='ltr'><strong>quod</strong></span> <span class='ocrx_word' id='word_1_75' title='bbox 443 1018 572 1087; x_wconf 90' lang='lat' dir='ltr'><strong>consilio</strong></span> <span class='ocrx_word' id='word_1_76' title='bbox 594 1018 689 1110; x_wconf 89' lang='lat' dir='ltr'><strong>hujus</strong></span> <span class='ocrx_word' id='word_1_77' title='bbox 711 1041 803 1087; x_wconf 89' lang='lat' dir='ltr'><strong>meae</strong></span> <span class='ocrx_word' id='word_1_78' title='bbox 824 1018 969 1087; x_wconf 83' lang='lat' dir='ltr'><strong>editionis</strong></span> <span class='ocrx_word' id='word_1_79' title='bbox 996 1018 1194 1110; x_wconf 82' lang='lat' dir='ltr'><strong>respondeat.</strong></span> <span class='ocrx_word' id='word_1_80' title='bbox 1238 1018 1296 1100; x_wconf 80' lang='lat' dir='ltr'><strong>Ar,</strong></span> <span class='ocrx_word' id='word_1_81' title='bbox 1317 1021 1408 1109; x_wconf 84' lang='lat' dir='ltr'><strong>quasi</strong></span> <span class='ocrx_word' id='word_1_82' title='bbox 1428 1018 1569 1110; x_wconf 85' lang='lat' dir='ltr'><strong>cupediis</strong></span> <span class='ocrx_word' id='word_1_83' title='bbox 1589 1042 1649 1088; x_wconf 89' lang='lat' dir='ltr'><strong>nos</strong></span> <span class='ocrx_word' id='word_1_84' title='bbox 1671 1017 1796 1087; x_wconf 77' lang='lat' dir='ltr'><strong>allicere</strong></span> 
     </span>
     <span class='ocr_line' id='line_1_8' title="bbox 155 1128 1794 1226; baseline -0.002 -22"><span class='ocrx_word' id='word_1_85' title='bbox 155 1135 322 1218; x_wconf 82' lang='lat' dir='ltr'><strong>voluisset,</strong></span> <span class='ocrx_word' id='word_1_86' title='bbox 345 1135 445 1203; x_wconf 89' lang='lat' dir='ltr'><strong>editor</strong></span> <span class='ocrx_word' id='word_1_87' title='bbox 464 1136 524 1201; x_wconf 87' lang='lat' dir='ltr'><strong>iste</strong></span> <span class='ocrx_word' id='word_1_88' title='bbox 544 1135 726 1226; x_wconf 76' lang='lat' dir='ltr'><strong>fragmentis</strong></span> <span class='ocrx_word' id='word_1_89' title='bbox 749 1136 815 1202; x_wconf 90' lang='lat' dir='ltr'><strong>suis</strong></span> <span class='ocrx_word' id='word_1_90' title='bbox 835 1135 1056 1202; x_wconf 71' lang='lat' dir='ltr'><strong>annotationes</strong></span> <span class='ocrx_word' id='word_1_91' title='bbox 1077 1133 1240 1225; x_wconf 73' lang='lat' dir='ltr'><strong>adspersit,</strong></span> <span class='ocrx_word' id='word_1_92' title='bbox 1262 1156 1354 1224; x_wconf 84' lang='lat' dir='ltr'><strong>quae,</strong></span> <span class='ocrx_word' id='word_1_93' title='bbox 1377 1157 1475 1224; x_wconf 87' lang='lat' dir='ltr'><strong>quam</strong></span> <span class='ocrx_word' id='word_1_94' title='bbox 1497 1128 1606 1226; x_wconf 64' lang='lat' dir='ltr'><strong>gans</strong></span> <span class='ocrx_word' id='word_1_95' title='bbox 1626 1135 1690 1202; x_wconf 91' lang='lat' dir='ltr'><strong>siut</strong></span> <span class='ocrx_word' id='word_1_96' title='bbox 1711 1155 1794 1225; x_wconf 86' lang='lat' dir='ltr'><strong>quae</strong></span> 
     </span>
     <span class='ocr_line' id='line_1_9' title="bbox 155 1247 1795 1340; baseline -0.003 -18"><span class='ocrx_word' id='word_1_97' title='bbox 155 1252 328 1332; x_wconf 83' lang='lat' dir='ltr'><strong>reticuerit,</strong></span> <span class='ocrx_word' id='word_1_98' title='bbox 353 1257 538 1318; x_wconf 86' lang='lat' dir='ltr'><strong>monstrant</strong></span> <span class='ocrx_word' id='word_1_99' title='bbox 583 1247 691 1316; x_wconf 85' lang='lat' dir='ltr'><strong>Veluti</strong></span> <span class='ocrx_word' id='word_1_100' title='bbox 719 1272 760 1315; x_wconf 87' lang='lat' dir='ltr'><strong>ex</strong></span> <span class='ocrx_word' id='word_1_101' title='bbox 787 1248 920 1340; x_wconf 86' lang='lat' dir='ltr'><strong>epistola</strong></span> <span class='ocrx_word' id='word_1_102' title='bbox 941 1247 1136 1317; x_wconf 84' lang='lat' dir='ltr'><strong>heibnitiana</strong></span> <span class='ocrx_word' id='word_1_103' title='bbox 1163 1248 1193 1315; x_wconf 92' lang='lat' dir='ltr'><strong>d.</strong></span> <span class='ocrx_word' id='word_1_104' title='bbox 1217 1249 1246 1317; x_wconf 91' lang='lat' dir='ltr'><strong>d.</strong></span> <span class='ocrx_word' id='word_1_105' title='bbox 1271 1248 1322 1316; x_wconf 73' lang='lat'><strong>12</strong></span> <span class='ocrx_word' id='word_1_106' title='bbox 1343 1249 1419 1340; x_wconf 85' lang='lat' dir='ltr'><strong>Apr.</strong></span> <span class='ocrx_word' id='word_1_107' title='bbox 1443 1253 1530 1321; x_wconf 91' lang='grc'>1686</span> <span class='ocrx_word' id='word_1_108' title='bbox 1559 1247 1638 1317; x_wconf 91' lang='lat' dir='ltr'><strong>nihil</strong></span> <span class='ocrx_word' id='word_1_109' title='bbox 1662 1249 1795 1317; x_wconf 87' lang='lat' dir='ltr'><strong>inseruit</strong></span> 
     </span>
     <span class='ocr_line' id='line_1_10' title="bbox 155 1363 1793 1460; baseline -0.002 -27"><span class='ocrx_word' id='word_1_110' title='bbox 155 1391 187 1460; x_wconf 88' lang='lat' dir='ltr'><strong>p.</strong></span> <span class='ocrx_word' id='word_1_111' title='bbox 202 1365 277 1433; x_wconf 87' lang='grc'><strong>190.</strong></span> <span class='ocrx_word' id='word_1_112' title='bbox 298 1367 359 1434; x_wconf 90' lang='lat' dir='ltr'><strong>nisi</strong></span> <span class='ocrx_word' id='word_1_113' title='bbox 379 1366 568 1456; x_wconf 87' lang='lat' dir='ltr'><strong>paucissima</strong></span> <span class='ocrx_word' id='word_1_114' title='bbox 582 1363 679 1430; x_wconf 88' lang='lat' dir='ltr'><strong>verba</strong></span> <span class='ocrx_word' id='word_1_115' title='bbox 700 1365 907 1455; x_wconf 87' lang='lat' dir='ltr'><strong>praeconium</strong></span> <span class='ocrx_word' id='word_1_116' title='bbox 922 1363 1061 1432; x_wconf 85' lang='lat' dir='ltr'><strong>Amaldo</strong></span> <span class='ocrx_word' id='word_1_117' title='bbox 1083 1364 1258 1446; x_wconf 89' lang='lat' dir='ltr'><strong>tribuentia,</strong></span> <span class='ocrx_word' id='word_1_118' title='bbox 1279 1366 1381 1454; x_wconf 88' lang='lat' dir='ltr'><strong>iisque</strong></span> <span class='ocrx_word' id='word_1_119' title='bbox 1402 1363 1485 1432; x_wconf 90' lang='lat' dir='ltr'><strong>hanc</strong></span> <span class='ocrx_word' id='word_1_120' title='bbox 1506 1363 1675 1432; x_wconf 77' lang='lat' dir='ltr'><strong>subnexuit</strong></span> <span class='ocrx_word' id='word_1_121' title='bbox 1692 1386 1793 1431; x_wconf 91' lang='lat' dir='ltr'><strong>anao-</strong></span> 
     </span>
     <span class='ocr_line' id='line_1_11' title="bbox 155 1476 1795 1571; baseline -0.004 -21"><span class='ocrx_word' id='word_1_122' title='bbox 155 1484 323 1550; x_wconf 78' lang='lat' dir='ltr'><strong>tatiouemr</strong></span> <span class='ocrx_word' id='word_1_123' title='bbox 370 1478 487 1546; x_wconf 88' lang='lat' dir='ltr'><strong>·Nous</strong></span> <span class='ocrx_word' id='word_1_124' title='bbox 510 1480 711 1570; x_wconf 90' lang='lat' dir='ltr'><strong>supprimons</strong></span> <span class='ocrx_word' id='word_1_125' title='bbox 732 1477 764 1546; x_wconf 91' lang='lat' dir='ltr'><strong>le</strong></span> <span class='ocrx_word' id='word_1_126' title='bbox 784 1487 867 1546; x_wconf 88' lang='lat' dir='ltr'><strong>reste</strong></span> <span class='ocrx_word' id='word_1_127' title='bbox 889 1478 929 1546; x_wconf 91' lang='lat' dir='ltr'><strong>de</strong></span> <span class='ocrx_word' id='word_1_128' title='bbox 951 1487 1034 1547; x_wconf 84' lang='lat' dir='ltr'><strong>cette</strong></span> <span class='ocrx_word' id='word_1_129' title='bbox 1054 1477 1144 1547; x_wconf 90' lang='lat' dir='ltr'><strong>lettre</strong></span> <span class='ocrx_word' id='word_1_130' title='bbox 1173 1481 1227 1568; x_wconf 89' lang='lat' dir='ltr'><strong>qui</strong></span> <span class='ocrx_word' id='word_1_131' title='bbox 1250 1488 1298 1545; x_wconf 86' lang='lat' dir='ltr'><strong>est</strong></span> <span class='ocrx_word' id='word_1_132' title='bbox 1319 1480 1383 1545; x_wconf 74' lang='lat' dir='ltr'><strong>tres</strong></span> <span class='ocrx_word' id='word_1_133' title='bbox 1403 1477 1529 1571; x_wconf 76' lang='lat' dir='ltr'><strong>longua</strong></span> <span class='ocrx_word' id='word_1_134' title='bbox 1572 1477 1631 1547; x_wconf 70' lang='lat' dir='ltr'><strong>tte.</strong></span> <span class='ocrx_word' id='word_1_135' title='bbox 1652 1476 1795 1547; x_wconf 82' lang='lat' dir='ltr'><strong>Leibrrits</strong></span> 
     </span>
     <span class='ocr_line' id='line_1_12' title="bbox 160 1591 1795 1690; baseline -0.002 -25"><span class='ocrx_word' id='word_1_136' title='bbox 160 1621 202 1690; x_wconf 73' lang='grc' dir='ltr'><strong>ιγ</strong></span> <span class='ocrx_word' id='word_1_137' title='bbox 228 1595 404 1688; x_wconf 84' lang='lat' dir='ltr'><strong>de&#39;veloppe</strong></span> <span class='ocrx_word' id='word_1_138' title='bbox 432 1617 492 1663; x_wconf 86' lang='lat' dir='ltr'><strong>sou</strong></span> <span class='ocrx_word' id='word_1_139' title='bbox 512 1594 667 1684; x_wconf 75' lang='lat' dir='ltr'><strong>systdme,</strong></span> <span class='ocrx_word' id='word_1_140' title='bbox 695 1617 758 1686; x_wconf 87' lang='lat' dir='ltr'><strong>que</strong></span> <span class='ocrx_word' id='word_1_141' title='bbox 785 1591 816 1660; x_wconf 90' lang='lat' dir='ltr'><strong>la</strong></span> <span class='ocrx_word' id='word_1_142' title='bbox 837 1595 948 1662; x_wconf 83' lang='lat' dir='ltr'><strong>notiora</strong></span> <span class='ocrx_word' id='word_1_143' title='bbox 976 1617 1022 1661; x_wconf 91' lang='lat' dir='ltr'><strong>ou</strong></span> <span class='ocrx_word' id='word_1_144' title='bbox 1043 1594 1272 1662; x_wconf 67' lang='lat' dir='ltr'><strong>consideration</strong></span> <span class='ocrx_word' id='word_1_145' title='bbox 1298 1592 1497 1661; x_wconf 89' lang='lat' dir='ltr'><strong>individuelle</strong></span> <span class='ocrx_word' id='word_1_146' title='bbox 1524 1592 1656 1662; x_wconf 82' lang='lat' dir='ltr'><strong>d&#39;Adam</strong></span> <span class='ocrx_word' id='word_1_147' title='bbox 1682 1617 1727 1661; x_wconf 91' lang='lat' dir='ltr'><strong>ou</strong></span> <span class='ocrx_word' id='word_1_148' title='bbox 1754 1592 1795 1661; x_wconf 90' lang='lat' dir='ltr'><strong>de</strong></span> 
     </span>
    </p>
   </div>
   <div class='ocr_carea' id='block_1_4' title="bbox 31 1707 1793 1802">
    <p class='ocr_par' dir='ltr' id='par_1_4' title="bbox 31 1707 1793 1802">
     <span class='ocr_line' id='line_1_13' title="bbox 31 1707 1793 1802; baseline -0.001 -23"><span class='ocrx_word' id='word_1_149' title='bbox 31 1732 34 1737; x_wconf 56' lang='lat'><strong>⁴</strong></span> <span class='ocrx_word' id='word_1_150' title='bbox 159 1722 270 1780; x_wconf 83' lang='lat' dir='ltr'><strong>·toute</strong></span> <span class='ocrx_word' id='word_1_151' title='bbox 290 1719 380 1779; x_wconf 84' lang='lat' dir='ltr'><strong>autre</strong></span> <span class='ocrx_word' id='word_1_152' title='bbox 408 1732 564 1802; x_wconf 78' lang='lat' dir='ltr'><strong>personne</strong></span> <span class='ocrx_word' id='word_1_153' title='bbox 586 1711 725 1776; x_wconf 83' lang='lat' dir='ltr'><strong>enlerme</strong></span> <span class='ocrx_word' id='word_1_154' title='bbox 751 1732 814 1776; x_wconf 90' lang='lat' dir='ltr'><strong>une</strong></span> <span class='ocrx_word' id='word_1_155' title='bbox 834 1710 893 1776; x_wconf 83' lang='lat' dir='ltr'><strong>lois</strong></span> <span class='ocrx_word' id='word_1_156' title='bbox 916 1733 997 1799; x_wconf 90' lang='lat' dir='ltr'><strong>pour</strong></span> <span class='ocrx_word' id='word_1_157' title='bbox 1018 1717 1123 1776; x_wconf 90' lang='lat' dir='ltr'><strong>toutes</strong></span> <span class='ocrx_word' id='word_1_158' title='bbox 1144 1708 1175 1776; x_wconf 90' lang='lat' dir='ltr'><strong>la</strong></span> <span class='ocrx_word' id='word_1_159' title='bbox 1197 1710 1424 1776; x_wconf 90' lang='lat' dir='ltr'><strong>connoissance</strong></span> <span class='ocrx_word' id='word_1_160' title='bbox 1444 1707 1485 1775; x_wconf 90' lang='lat' dir='ltr'><strong>de</strong></span> <span class='ocrx_word' id='word_1_161' title='bbox 1506 1729 1544 1776; x_wconf 88' lang='lat' dir='ltr'><strong>ce</strong></span> <span class='ocrx_word' id='word_1_162' title='bbox 1567 1732 1629 1799; x_wconf 90' lang='lat' dir='ltr'><strong>que</strong></span> <span class='ocrx_word' id='word_1_163' title='bbox 1649 1707 1695 1777; x_wconf 90' lang='lat' dir='ltr'><strong>tui</strong></span> <span class='ocrx_word' id='word_1_164' title='bbox 1715 1709 1793 1777; x_wconf 85' lang='lat' dir='ltr'><strong>arri-</strong></span> 
     </span>
    </p>
   </div>
   <div class='ocr_carea' id='block_1_5' title="bbox 159 1820 1792 1917">
    <p class='ocr_par' dir='ltr' id='par_1_5' title="bbox 159 1820 1792 1917">
     <span class='ocr_line' id='line_1_14' title="bbox 159 1820 1792 1917; baseline -0.002 -23"><span class='ocrx_word' id='word_1_165' title='bbox 159 1850 255 1894; x_wconf 84' lang='lat' dir='ltr'><strong>·vera</strong></span> <span class='ocrx_word' id='word_1_166' title='bbox 277 1827 296 1893; x_wconf 72' lang='lat' dir='ltr'><strong>*a</strong></span> <span class='ocrx_word' id='word_1_167' title='bbox 315 1827 429 1917; x_wconf 81' lang='lat' dir='ltr'><strong>jamnis</strong></span> <span class='ocrx_word' id='word_1_168' title='bbox 451 1835 484 1892; x_wconf 88' lang='lat' dir='ltr'><strong>et</strong></span> <span class='ocrx_word' id='word_1_169' title='bbox 504 1825 525 1891; x_wconf 83' lang='lat' dir='ltr'><strong>ir</strong></span> <span class='ocrx_word' id='word_1_170' title='bbox 545 1848 582 1891; x_wconf 90' lang='lat' dir='ltr'><strong>sa</strong></span> <span class='ocrx_word' id='word_1_171' title='bbox 604 1824 781 1915; x_wconf 77' lang='lat' dir='ltr'><strong>posterite&#39;.·</strong></span> <span class='ocrx_word' id='word_1_172' title='bbox 818 1822 969 1891; x_wconf 87' lang='lat' dir='ltr'><strong>Similiter</strong></span> <span class='ocrx_word' id='word_1_173' title='bbox 988 1825 1021 1891; x_wconf 91' lang='lat' dir='ltr'><strong>in</strong></span> <span class='ocrx_word' id='word_1_174' title='bbox 1043 1823 1176 1915; x_wconf 89' lang='lat' dir='ltr'><strong>epistola</strong></span> <span class='ocrx_word' id='word_1_175' title='bbox 1198 1823 1228 1891; x_wconf 87' lang='lat' dir='ltr'><strong>d.</strong></span> <span class='ocrx_word' id='word_1_176' title='bbox 1245 1827 1296 1893; x_wconf 84' lang='grc'><strong>14.</strong></span> <span class='ocrx_word' id='word_1_177' title='bbox 1310 1822 1373 1891; x_wconf 77' lang='lat' dir='ltr'><strong>Jul-</strong></span> <span class='ocrx_word' id='word_1_178' title='bbox 1390 1827 1478 1894; x_wconf 91' lang='grc'>1686</span> <span class='ocrx_word' id='word_1_179' title='bbox 1500 1825 1676 1914; x_wconf 83' lang='lat' dir='ltr'><strong>conscripta</strong></span> <span class='ocrx_word' id='word_1_180' title='bbox 1696 1820 1792 1890; x_wconf 89' lang='lat' dir='ltr'><strong>Leib-</strong></span> 
     </span>
    </p>
   </div>
   <div class='ocr_carea' id='block_1_6' title="bbox 48 1936 1793 2030">
    <p class='ocr_par' dir='ltr' id='par_1_6' title="bbox 48 1936 1793 2030">
     <span class='ocr_line' id='line_1_15' title="bbox 48 1936 1793 2030; baseline -0.003 -19"><span class='ocrx_word' id='word_1_181' title='bbox 48 1945 52 1963; x_wconf 89' lang='lat'>&#39;</span> <span class='ocrx_word' id='word_1_182' title='bbox 154 1942 249 2011; x_wconf 90' lang='lat' dir='ltr'><strong>nitius</strong></span> <span class='ocrx_word' id='word_1_183' title='bbox 271 1939 373 2008; x_wconf 88' lang='lat' dir='ltr'><strong>multa</strong></span> <span class='ocrx_word' id='word_1_184' title='bbox 393 1938 434 2007; x_wconf 90' lang='lat' dir='ltr'><strong>de</strong></span> <span class='ocrx_word' id='word_1_185' title='bbox 455 1938 596 2030; x_wconf 90' lang='lat' dir='ltr'><strong>possibili</strong></span> <span class='ocrx_word' id='word_1_186' title='bbox 617 1948 650 2006; x_wconf 91' lang='lat' dir='ltr'><strong>et</strong></span> <span class='ocrx_word' id='word_1_187' title='bbox 671 1937 785 2005; x_wconf 86' lang='lat' dir='ltr'><strong>actuali</strong></span> <span class='ocrx_word' id='word_1_188' title='bbox 812 1936 1010 2006; x_wconf 80' lang='lat' dir='ltr'><strong>disseruerat</strong></span> <span class='ocrx_word' id='word_1_189' title='bbox 1055 1939 1177 2025; x_wconf 84' lang='lat' dir='ltr'><strong>Quibus</strong></span> <span class='ocrx_word' id='word_1_190' title='bbox 1206 1940 1331 2007; x_wconf 72' lang='lat' dir='ltr'><strong>amesia</strong></span> <span class='ocrx_word' id='word_1_191' title='bbox 1354 1939 1453 2007; x_wconf 86' lang='lat' dir='ltr'><strong>editor</strong></span> <span class='ocrx_word' id='word_1_192' title='bbox 1473 1937 1621 2007; x_wconf 89' lang='lat' dir='ltr'><strong>lacrmam</strong></span> <span class='ocrx_word' id='word_1_193' title='bbox 1641 1937 1692 2007; x_wconf 88' lang='lat' dir='ltr'><strong>bis</strong></span> <span class='ocrx_word' id='word_1_194' title='bbox 1711 1936 1793 2005; x_wconf 89' lang='lat' dir='ltr'><strong>indi-</strong></span> 
     </span>
    </p>
   </div>
   <div class='ocr_carea' id='block_1_7' title="bbox 114 2051 1794 4908">
    <p class='ocr_par' dir='ltr' id='par_1_7' title="bbox 114 2051 1794 4908">
     <span class='ocr_line' id='line_1_16' title="bbox 155 2051 1793 2147; baseline -0.002 -22"><span class='ocrx_word' id='word_1_195' title='bbox 155 2066 208 2125; x_wconf 81' lang='lat' dir='ltr'><strong>cat</strong></span> <span class='ocrx_word' id='word_1_196' title='bbox 228 2054 333 2123; x_wconf 84' lang='lat' dir='ltr'><strong>verbis</strong></span> <span class='ocrx_word' id='word_1_197' title='bbox 353 2058 397 2147; x_wconf 79' lang='lat' dir='ltr'><strong>(p.</strong></span> <span class='ocrx_word' id='word_1_198' title='bbox 420 2057 520 2141; x_wconf 82' lang='lat'><strong>193.):</strong></span> <span class='ocrx_word' id='word_1_199' title='bbox 546 2052 622 2120; x_wconf 78' lang='lat' dir='ltr'><strong>»Ma</strong></span> <span class='ocrx_word' id='word_1_200' title='bbox 644 2052 785 2122; x_wconf 83' lang='lat' dir='ltr'><strong>Leibnitz</strong></span> <span class='ocrx_word' id='word_1_201' title='bbox 809 2051 945 2143; x_wconf 91' lang='lat' dir='ltr'><strong>emploie</strong></span> <span class='ocrx_word' id='word_1_202' title='bbox 964 2055 1041 2121; x_wconf 90' lang='lat' dir='ltr'><strong>trois</strong></span> <span class='ocrx_word' id='word_1_203' title='bbox 1064 2054 1198 2146; x_wconf 84' lang='lat' dir='ltr'><strong>grandes</strong></span> <span class='ocrx_word' id='word_1_204' title='bbox 1219 2077 1318 2146; x_wconf 88' lang='lat' dir='ltr'><strong>pages</strong></span> <span class='ocrx_word' id='word_1_205' title='bbox 1340 2055 1360 2123; x_wconf 80' lang='lat' dir='ltr'><strong>i</strong></span> <span class='ocrx_word' id='word_1_206' title='bbox 1380 2053 1494 2122; x_wconf 85' lang='lat' dir='ltr'><strong>rendre</strong></span> <span class='ocrx_word' id='word_1_207' title='bbox 1515 2077 1566 2122; x_wconf 91' lang='lat' dir='ltr'><strong>ses</strong></span> <span class='ocrx_word' id='word_1_208' title='bbox 1588 2056 1721 2146; x_wconf 81' lang='lat' dir='ltr'><strong>panse&#39;es</strong></span> <span class='ocrx_word' id='word_1_209' title='bbox 1740 2056 1793 2122; x_wconf 91' lang='lat' dir='ltr'><strong>in·</strong></span> 
     </span>
     <span class='ocr_line' id='line_1_17' title="bbox 156 2166 1794 2263; baseline 0.001 -26"><span class='ocrx_word' id='word_1_210' title='bbox 156 2169 349 2263; x_wconf 84' lang='lat' dir='ltr'><strong>·telligibles‚</strong></span> <span class='ocrx_word' id='word_1_211' title='bbox 372 2180 405 2237; x_wconf 88' lang='lat' dir='ltr'><strong>et</strong></span> <span class='ocrx_word' id='word_1_212' title='bbox 425 2171 446 2237; x_wconf 83' lang='lat' dir='ltr'><strong>ir</strong></span> <span class='ocrx_word' id='word_1_213' title='bbox 468 2193 509 2237; x_wconf 92' lang='lat' dir='ltr'><strong>en</strong></span> <span class='ocrx_word' id='word_1_214' title='bbox 530 2171 606 2238; x_wconf 78' lang='lat' dir='ltr'><strong>taire</strong></span> <span class='ocrx_word' id='word_1_215' title='bbox 620 2171 697 2251; x_wconf 86' lang='lat' dir='ltr'><strong>voir,</strong></span> <span class='ocrx_word' id='word_1_216' title='bbox 719 2167 828 2251; x_wconf 90' lang='lat' dir='ltr'><strong>dit-il,</strong></span> <span class='ocrx_word' id='word_1_217' title='bbox 849 2166 881 2235; x_wconf 90' lang='lat' dir='ltr'><strong>la</strong></span> <span class='ocrx_word' id='word_1_218' title='bbox 903 2166 1025 2236; x_wconf 73' lang='lat' dir='ltr'><strong>solidite</strong></span> <span class='ocrx_word' id='word_1_219' title='bbox 1040 2179 1074 2237; x_wconf 91' lang='lat' dir='ltr'><strong>et</strong></span> <span class='ocrx_word' id='word_1_220' title='bbox 1087 2167 1332 2260; x_wconf 85' lang='lat' dir='ltr'><strong>l&#39;importance.·</strong></span> <span class='ocrx_word' id='word_1_221' title='bbox 1367 2168 1466 2238; x_wconf 88' lang='lat' dir='ltr'><strong>Multo</strong></span> <span class='ocrx_word' id='word_1_222' title='bbox 1490 2171 1634 2262; x_wconf 79' lang='lat' dir='ltr'><strong>gravium</strong></span> <span class='ocrx_word' id='word_1_223' title='bbox 1645 2167 1794 2238; x_wconf 82' lang='lat' dir='ltr'><strong>videntur</strong></span> 
     </span>
     <span class='ocr_line' id='line_1_18' title="bbox 153 2282 1793 2378; baseline -0.003 -24"><span class='ocrx_word' id='word_1_224' title='bbox 153 2288 266 2370; x_wconf 75' lang='lat' dir='ltr'><strong>troisse,</strong></span> <span class='ocrx_word' id='word_1_225' title='bbox 288 2308 371 2378; x_wconf 86' lang='lat' dir='ltr'><strong>qrme</strong></span> <span class='ocrx_word' id='word_1_226' title='bbox 391 2282 564 2353; x_wconf 87' lang='lat' dir='ltr'><strong>Leibnitius</strong></span> <span class='ocrx_word' id='word_1_227' title='bbox 586 2286 752 2376; x_wconf 85' lang='lat' dir='ltr'><strong>scripserat</strong></span> <span class='ocrx_word' id='word_1_228' title='bbox 773 2282 803 2350; x_wconf 86' lang='lat' dir='ltr'><strong>d</strong></span> <span class='ocrx_word' id='word_1_229' title='bbox 826 2287 878 2351; x_wconf 76' lang='lat'><strong>28.</strong></span> <span class='ocrx_word' id='word_1_230' title='bbox 901 2282 984 2351; x_wconf 90' lang='lat' dir='ltr'><strong>Nov.</strong></span> <span class='ocrx_word' id='word_1_231' title='bbox 1008 2289 1112 2366; x_wconf 86' lang='grc'>1686;</span> <span class='ocrx_word' id='word_1_232' title='bbox 1140 2287 1230 2376; x_wconf 89' lang='lat' dir='ltr'><strong>eujus</strong></span> <span class='ocrx_word' id='word_1_233' title='bbox 1253 2282 1403 2375; x_wconf 90' lang='lat' dir='ltr'><strong>epistolae</strong></span> <span class='ocrx_word' id='word_1_234' title='bbox 1423 2287 1546 2354; x_wconf 91' lang='lat' dir='ltr'><strong>initium</strong></span> <span class='ocrx_word' id='word_1_235' title='bbox 1567 2283 1599 2370; x_wconf 79' lang='lat' dir='ltr'><strong>(h</strong></span> <span class='ocrx_word' id='word_1_236' title='bbox 1618 2305 1647 2353; x_wconf 83' lang='lat' dir='ltr'><strong>c</strong></span> <span class='ocrx_word' id='word_1_237' title='bbox 1668 2307 1699 2375; x_wconf 86' lang='lat' dir='ltr'><strong>p.</strong></span> <span class='ocrx_word' id='word_1_238' title='bbox 1715 2283 1793 2371; x_wconf 76' lang='lat'><strong>195)</strong></span> 
     </span>
     <span class='ocr_line' id='line_1_19' title="bbox 154 2397 1794 2491; baseline -0.004 -19"><span class='ocrx_word' id='word_1_239' title='bbox 154 2402 235 2472; x_wconf 84' lang='lat' dir='ltr'><strong>lraec</strong></span> <span class='ocrx_word' id='word_1_240' title='bbox 255 2403 396 2470; x_wconf 89' lang='lat' dir='ltr'><strong>continet</strong></span> <span class='ocrx_word' id='word_1_241' title='bbox 415 2397 560 2467; x_wconf 88' lang='lat' dir='ltr'><strong>Leibnitii</strong></span> <span class='ocrx_word' id='word_1_242' title='bbox 581 2399 691 2468; x_wconf 87' lang='lat' dir='ltr'><strong>verba:</strong></span> <span class='ocrx_word' id='word_1_243' title='bbox 738 2398 847 2467; x_wconf 78' lang='lat' dir='ltr'><strong>»Pour</strong></span> <span class='ocrx_word' id='word_1_244' title='bbox 868 2421 907 2466; x_wconf 90' lang='lat' dir='ltr'><strong>oe</strong></span> <span class='ocrx_word' id='word_1_245' title='bbox 928 2401 984 2490; x_wconf 86' lang='lat' dir='ltr'><strong>qui</strong></span> <span class='ocrx_word' id='word_1_246' title='bbox 1010 2410 1060 2467; x_wconf 90' lang='lat' dir='ltr'><strong>est</strong></span> <span class='ocrx_word' id='word_1_247' title='bbox 1087 2399 1143 2467; x_wconf 87' lang='lat' dir='ltr'><strong>des</strong></span> <span class='ocrx_word' id='word_1_248' title='bbox 1167 2400 1251 2467; x_wconf 85' lang='lat' dir='ltr'><strong>deux</strong></span> <span class='ocrx_word' id='word_1_249' title='bbox 1272 2399 1434 2468; x_wconf 77' lang='lat' dir='ltr'><strong>dfficures</strong></span> <span class='ocrx_word' id='word_1_250' title='bbox 1462 2424 1527 2491; x_wconf 90' lang='lat' dir='ltr'><strong>que</strong></span> <span class='ocrx_word' id='word_1_251' title='bbox 1554 2422 1636 2469; x_wconf 86' lang='lat' dir='ltr'><strong>vous</strong></span> <span class='ocrx_word' id='word_1_252' title='bbox 1661 2408 1794 2467; x_wconf 73' lang='lat' dir='ltr'><strong>bouvea</strong></span> 
     </span>
     <span class='ocr_line' id='line_1_20' title="bbox 156 2512 1793 2606; baseline -0.002 -20"><span class='ocrx_word' id='word_1_253' title='bbox 156 2517 256 2586; x_wconf 79' lang='lat' dir='ltr'><strong>-dans</strong></span> <span class='ocrx_word' id='word_1_254' title='bbox 276 2539 333 2585; x_wconf 90' lang='lat' dir='ltr'><strong>ma</strong></span> <span class='ocrx_word' id='word_1_255' title='bbox 354 2515 460 2598; x_wconf 89' lang='lat' dir='ltr'><strong>lettre,</strong></span> <span class='ocrx_word' id='word_1_256' title='bbox 488 2513 573 2583; x_wconf 83' lang='lat' dir='ltr'><strong>l&#39;une</strong></span> <span class='ocrx_word' id='word_1_257' title='bbox 596 2513 748 2582; x_wconf 83' lang='lat' dir='ltr'><strong>touchant</strong></span> <span class='ocrx_word' id='word_1_258' title='bbox 774 2512 1027 2606; x_wconf 75' lang='lat' dir='ltr'><strong>l&#39;hypothbse</strong></span> <span class='ocrx_word' id='word_1_259' title='bbox 1054 2515 1098 2582; x_wconf 90' lang='lat' dir='ltr'><strong>de</strong></span> <span class='ocrx_word' id='word_1_260' title='bbox 1125 2515 1161 2583; x_wconf 90' lang='lat' dir='ltr'><strong>la</strong></span> <span class='ocrx_word' id='word_1_261' title='bbox 1187 2518 1494 2584; x_wconf 88' lang='lat' dir='ltr'><strong>concomitance</strong></span> <span class='ocrx_word' id='word_1_262' title='bbox 1516 2538 1559 2582; x_wconf 93' lang='lat' dir='ltr'><strong>ou</strong></span> <span class='ocrx_word' id='word_1_263' title='bbox 1579 2512 1716 2583; x_wconf 83' lang='lat' dir='ltr'><strong>l&#39;accord</strong></span> <span class='ocrx_word' id='word_1_264' title='bbox 1737 2514 1793 2583; x_wconf 88' lang='lat' dir='ltr'><strong>des</strong></span> 
     </span>
     <span class='ocr_line' id='line_1_21' title="bbox 156 2627 1794 2720; baseline -0.001 -22"><span class='ocrx_word' id='word_1_265' title='bbox 156 2631 362 2700; x_wconf 78' lang='lat' dir='ltr'><strong>-substanees</strong></span> <span class='ocrx_word' id='word_1_266' title='bbox 383 2629 554 2712; x_wconf 86' lang='lat' dir='ltr'><strong>entr‘elles,</strong></span> <span class='ocrx_word' id='word_1_267' title='bbox 581 2629 691 2699; x_wconf 88' lang='lat' dir='ltr'><strong>l‘autre</strong></span> <span class='ocrx_word' id='word_1_268' title='bbox 712 2628 864 2698; x_wconf 87' lang='lat' dir='ltr'><strong>touchant</strong></span> <span class='ocrx_word' id='word_1_269' title='bbox 889 2629 921 2698; x_wconf 90' lang='lat' dir='ltr'><strong>la</strong></span> <span class='ocrx_word' id='word_1_270' title='bbox 941 2640 1055 2698; x_wconf 89' lang='lat' dir='ltr'><strong>nature</strong></span> <span class='ocrx_word' id='word_1_271' title='bbox 1080 2630 1137 2698; x_wconf 91' lang='lat' dir='ltr'><strong>des</strong></span> <span class='ocrx_word' id='word_1_272' title='bbox 1159 2634 1275 2698; x_wconf 79' lang='lat' dir='ltr'><strong>formes</strong></span> <span class='ocrx_word' id='word_1_273' title='bbox 1302 2630 1358 2698; x_wconf 91' lang='lat' dir='ltr'><strong>des</strong></span> <span class='ocrx_word' id='word_1_274' title='bbox 1385 2629 1568 2697; x_wconf 88' lang='lat' dir='ltr'><strong>substanees</strong></span> <span class='ocrx_word' id='word_1_275' title='bbox 1594 2627 1794 2720; x_wconf 89' lang='lat' dir='ltr'><strong>corporelles,</strong></span> 
     </span>
     <span class='ocr_line' id='line_1_22' title="bbox 158 2743 1794 2840; baseline -0.001 -26"><span class='ocrx_word' id='word_1_276' title='bbox 158 2751 301 2840; x_wconf 70' lang='lat' dir='ltr'><strong>»j&#39;avoue</strong></span> <span class='ocrx_word' id='word_1_277' title='bbox 330 2745 460 2837; x_wconf 84' lang='lat' dir='ltr'><strong>qu&#39;elles</strong></span> <span class='ocrx_word' id='word_1_278' title='bbox 487 2754 561 2811; x_wconf 91' lang='lat' dir='ltr'><strong>sont</strong></span> <span class='ocrx_word' id='word_1_279' title='bbox 581 2743 826 2827; x_wconf 78' lang='lat' dir='ltr'><strong>considerables,</strong></span> <span class='ocrx_word' id='word_1_280' title='bbox 855 2755 887 2812; x_wconf 91' lang='lat' dir='ltr'><strong>et</strong></span> <span class='ocrx_word' id='word_1_281' title='bbox 914 2747 942 2812; x_wconf 91' lang='lat' dir='ltr'><strong>si</strong></span> <span class='ocrx_word' id='word_1_282' title='bbox 965 2749 1011 2837; x_wconf 89' lang='lat' dir='ltr'><strong>j’y</strong></span> <span class='ocrx_word' id='word_1_283' title='bbox 1038 2748 1172 2838; x_wconf 88' lang='lat' dir='ltr'><strong>pouvois</strong></span> <span class='ocrx_word' id='word_1_284' title='bbox 1194 2747 1345 2813; x_wconf 74' lang='lat' dir='ltr'><strong>satisfaire</strong></span> <span class='ocrx_word' id='word_1_285' title='bbox 1366 2746 1587 2827; x_wconf 76' lang='lat' dir='ltr'><strong>entieremeut,</strong></span> <span class='ocrx_word' id='word_1_286' title='bbox 1609 2747 1644 2836; x_wconf 88' lang='lat' dir='ltr'><strong>je</strong></span> <span class='ocrx_word' id='word_1_287' title='bbox 1664 2746 1794 2813; x_wconf 77' lang='lat' dir='ltr'><strong>crohois</strong></span> 
     </span>
     <span class='ocr_line' id='line_1_23' title="bbox 156 2858 1794 2956; baseline -0.001 -26"><span class='ocrx_word' id='word_1_288' title='bbox 156 2864 311 2956; x_wconf 85' lang='lat' dir='ltr'><strong>·pouvoir</strong></span> <span class='ocrx_word' id='word_1_289' title='bbox 338 2860 502 2929; x_wconf 72' lang='lat' dir='ltr'><strong>deelulirer</strong></span> <span class='ocrx_word' id='word_1_290' title='bbox 529 2858 577 2926; x_wconf 90' lang='lat' dir='ltr'><strong>les</strong></span> <span class='ocrx_word' id='word_1_291' title='bbox 605 2858 675 2951; x_wconf 92' lang='lat' dir='ltr'><strong>plus</strong></span> <span class='ocrx_word' id='word_1_292' title='bbox 702 2859 819 2950; x_wconf 83' lang='lat' dir='ltr'><strong>grands</strong></span> <span class='ocrx_word' id='word_1_293' title='bbox 846 2871 963 2927; x_wconf 85' lang='lat' dir='ltr'><strong>secrete</strong></span> <span class='ocrx_word' id='word_1_294' title='bbox 991 2861 1032 2929; x_wconf 91' lang='lat' dir='ltr'><strong>de</strong></span> <span class='ocrx_word' id='word_1_295' title='bbox 1057 2860 1090 2928; x_wconf 91' lang='lat' dir='ltr'><strong>la</strong></span> <span class='ocrx_word' id='word_1_296' title='bbox 1116 2870 1228 2929; x_wconf 88' lang='lat' dir='ltr'><strong>nature</strong></span> <span class='ocrx_word' id='word_1_297' title='bbox 1256 2858 1475 2929; x_wconf 69' lang='lat' dir='ltr'><strong>universate·</strong></span> <span class='ocrx_word' id='word_1_298' title='bbox 1544 2859 1644 2928; x_wconf 77' lang='lat' dir='ltr'><strong>hvide</strong></span> <span class='ocrx_word' id='word_1_299' title='bbox 1669 2863 1794 2953; x_wconf 84' lang='lat' dir='ltr'><strong>roganti</strong></span> 
     </span>
     <span class='ocr_line' id='line_1_24' title="bbox 152 2971 1791 3067; baseline -0.002 -19"><span class='ocrx_word' id='word_1_300' title='bbox 152 3002 232 3049; x_wconf 91' lang='lat' dir='ltr'><strong>num</strong></span> <span class='ocrx_word' id='word_1_301' title='bbox 258 2977 321 3045; x_wconf 88' lang='lat' dir='ltr'><strong>hoc</strong></span> <span class='ocrx_word' id='word_1_302' title='bbox 347 2977 417 3066; x_wconf 90' lang='lat' dir='ltr'><strong>ipso</strong></span> <span class='ocrx_word' id='word_1_303' title='bbox 447 2985 592 3066; x_wconf 90' lang='lat' dir='ltr'><strong>ternpore</strong></span> <span class='ocrx_word' id='word_1_304' title='bbox 616 2971 791 3042; x_wconf 89' lang='lat' dir='ltr'><strong>Loibnitius</strong></span> <span class='ocrx_word' id='word_1_305' title='bbox 822 2976 981 3066; x_wconf 86' lang='lat' dir='ltr'><strong>integrum</strong></span> <span class='ocrx_word' id='word_1_306' title='bbox 1010 2986 1150 3066; x_wconf 84' lang='lat' dir='ltr'><strong>systema</strong></span> <span class='ocrx_word' id='word_1_307' title='bbox 1175 2975 1359 3043; x_wconf 90' lang='lat' dir='ltr'><strong>harmoniae</strong></span> <span class='ocrx_word' id='word_1_308' title='bbox 1385 2974 1614 3067; x_wconf 77' lang='lat' dir='ltr'><strong>praestabilitas</strong></span> <span class='ocrx_word' id='word_1_309' title='bbox 1640 2979 1708 3067; x_wconf 88' lang='lat' dir='ltr'><strong>jam</strong></span> <span class='ocrx_word' id='word_1_310' title='bbox 1734 3000 1791 3044; x_wconf 86' lang='lat' dir='ltr'><strong>ex-</strong></span> 
     </span>
     <span class='ocr_line' id='line_1_25' title="bbox 153 3088 1794 3183; baseline -0.001 -22"><span class='ocrx_word' id='word_1_311' title='bbox 153 3103 324 3176; x_wconf 83' lang='lat' dir='ltr'><strong>stmetum,</strong></span> <span class='ocrx_word' id='word_1_312' title='bbox 363 3101 418 3159; x_wconf 89' lang='lat' dir='ltr'><strong>aut</strong></span> <span class='ocrx_word' id='word_1_313' title='bbox 443 3099 529 3157; x_wconf 87' lang='lat' dir='ltr'><strong>certe</strong></span> <span class='ocrx_word' id='word_1_314' title='bbox 556 3091 643 3157; x_wconf 86' lang='lat' dir='ltr'><strong>initia</strong></span> <span class='ocrx_word' id='word_1_315' title='bbox 670 3093 739 3181; x_wconf 88' lang='lat' dir='ltr'><strong>ejus</strong></span> <span class='ocrx_word' id='word_1_316' title='bbox 769 3090 895 3157; x_wconf 89' lang='lat' dir='ltr'><strong>inventa</strong></span> <span class='ocrx_word' id='word_1_317' title='bbox 927 3088 1085 3174; x_wconf 90' lang='lat' dir='ltr'><strong>habuerit,</strong></span> <span class='ocrx_word' id='word_1_318' title='bbox 1124 3091 1224 3159; x_wconf 88' lang='lat' dir='ltr'><strong>editor</strong></span> <span class='ocrx_word' id='word_1_319' title='bbox 1249 3089 1419 3183; x_wconf 90' lang='lat' dir='ltr'><strong>respondet</strong></span> <span class='ocrx_word' id='word_1_320' title='bbox 1444 3095 1492 3182; x_wconf 85' lang='lat' dir='ltr'><strong>(p.</strong></span> <span class='ocrx_word' id='word_1_321' title='bbox 1516 3093 1597 3177; x_wconf 80' lang='lat'><strong>195)</strong></span> <span class='ocrx_word' id='word_1_322' title='bbox 1625 3089 1794 3160; x_wconf 77' lang='lat' dir='ltr'><strong>-Leibnits</strong></span> 
     </span>
     <span class='ocr_line' id='line_1_26' title="bbox 157 3203 1794 3297; baseline 0.003 -28"><span class='ocrx_word' id='word_1_323' title='bbox 157 3205 313 3297; x_wconf 73' lang='lat' dir='ltr'><strong>‚emploie</strong></span> <span class='ocrx_word' id='word_1_324' title='bbox 335 3208 408 3296; x_wconf 74' lang='lat' dir='ltr'><strong>pres</strong></span> <span class='ocrx_word' id='word_1_325' title='bbox 430 3204 470 3272; x_wconf 90' lang='lat' dir='ltr'><strong>de</strong></span> <span class='ocrx_word' id='word_1_326' title='bbox 491 3203 561 3272; x_wconf 91' lang='lat' dir='ltr'><strong>huit</strong></span> <span class='ocrx_word' id='word_1_327' title='bbox 582 3203 716 3296; x_wconf 83' lang='lat' dir='ltr'><strong>grandes</strong></span> <span class='ocrx_word' id='word_1_328' title='bbox 738 3227 837 3296; x_wconf 81' lang='lat' dir='ltr'><strong>peges</strong></span> <span class='ocrx_word' id='word_1_329' title='bbox 859 3205 879 3272; x_wconf 77' lang='lat' dir='ltr'><strong>b</strong></span> <span class='ocrx_word' id='word_1_330' title='bbox 900 3206 1055 3297; x_wconf 89' lang='lat' dir='ltr'><strong>re&#39;pondre</strong></span> <span class='ocrx_word' id='word_1_331' title='bbox 1077 3206 1097 3272; x_wconf 79' lang='grc' dir='ltr'><strong>ἒι</strong></span> <span class='ocrx_word' id='word_1_332' title='bbox 1119 3229 1172 3273; x_wconf 89' lang='lat' dir='ltr'><strong>ces</strong></span> <span class='ocrx_word' id='word_1_333' title='bbox 1194 3207 1278 3273; x_wconf 91' lang='lat' dir='ltr'><strong>deux</strong></span> <span class='ocrx_word' id='word_1_334' title='bbox 1299 3205 1490 3275; x_wconf 74' lang='lat' dir='ltr'><strong>dificulte&#39;s.·</strong></span> <span class='ocrx_word' id='word_1_335' title='bbox 1522 3218 1567 3255; x_wconf 84' lang='lat'><strong>-&#39;</strong></span> <span class='ocrx_word' id='word_1_336' title='bbox 1589 3205 1683 3274; x_wconf 89' lang='lat' dir='ltr'><strong>Haud</strong></span> <span class='ocrx_word' id='word_1_337' title='bbox 1704 3204 1794 3274; x_wconf 84' lang='lat' dir='ltr'><strong>aliter</strong></span> 
     </span>
     <span class='ocr_line' id='line_1_27' title="bbox 153 3319 1792 3416; baseline -0.001 -25"><span class='ocrx_word' id='word_1_338' title='bbox 153 3322 305 3416; x_wconf 86' lang='lat' dir='ltr'><strong>epistolae</strong></span> <span class='ocrx_word' id='word_1_339' title='bbox 326 3321 495 3413; x_wconf 88' lang='lat' dir='ltr'><strong>Gottingae</strong></span> <span class='ocrx_word' id='word_1_340' title='bbox 521 3321 551 3387; x_wconf 92' lang='lat' dir='ltr'><strong>d.</strong></span> <span class='ocrx_word' id='word_1_341' title='bbox 579 3320 632 3386; x_wconf 85' lang='lat'><strong>30.</strong></span> <span class='ocrx_word' id='word_1_342' title='bbox 653 3319 728 3410; x_wconf 84' lang='lat' dir='ltr'><strong>Apr.</strong></span> <span class='ocrx_word' id='word_1_343' title='bbox 758 3323 847 3389; x_wconf 89' lang='grc'>1687</span> <span class='ocrx_word' id='word_1_344' title='bbox 874 3323 1071 3413; x_wconf 90' lang='lat' dir='ltr'><strong>conscriptae</strong></span> <span class='ocrx_word' id='word_1_345' title='bbox 1098 3345 1164 3389; x_wconf 88' lang='lat' dir='ltr'><strong>uon</strong></span> <span class='ocrx_word' id='word_1_346' title='bbox 1190 3323 1250 3388; x_wconf 90' lang='lat' dir='ltr'><strong>nisi</strong></span> <span class='ocrx_word' id='word_1_347' title='bbox 1277 3319 1440 3388; x_wconf 89' lang='lat' dir='ltr'><strong>exordium</strong></span> <span class='ocrx_word' id='word_1_348' title='bbox 1466 3320 1601 3412; x_wconf 86' lang='lat' dir='ltr'><strong>legimus</strong></span> <span class='ocrx_word' id='word_1_349' title='bbox 1629 3323 1677 3410; x_wconf 81' lang='lat' dir='ltr'><strong>(p</strong></span> <span class='ocrx_word' id='word_1_350' title='bbox 1699 3324 1792 3408; x_wconf 84' lang='lat'><strong>196),</strong></span> 
     </span>
     <span class='ocr_line' id='line_1_28' title="bbox 154 3432 1792 3530; baseline -0.002 -23"><span class='ocrx_word' id='word_1_351' title='bbox 154 3442 209 3507; x_wconf 90' lang='lat' dir='ltr'><strong>cui</strong></span> <span class='ocrx_word' id='word_1_352' title='bbox 229 3439 396 3530; x_wconf 84' lang='lat' dir='ltr'><strong>subjuncta</strong></span> <span class='ocrx_word' id='word_1_353' title='bbox 418 3445 468 3504; x_wconf 89' lang='lat' dir='ltr'><strong>est</strong></span> <span class='ocrx_word' id='word_1_354' title='bbox 488 3434 568 3504; x_wconf 89' lang='lat' dir='ltr'><strong>haee</strong></span> <span class='ocrx_word' id='word_1_355' title='bbox 590 3436 763 3503; x_wconf 86' lang='lat' dir='ltr'><strong>annotatio:</strong></span> <span class='ocrx_word' id='word_1_356' title='bbox 811 3434 917 3504; x_wconf 83' lang='lat' dir='ltr'><strong>-Tout</strong></span> <span class='ocrx_word' id='word_1_357' title='bbox 937 3435 968 3503; x_wconf 91' lang='lat' dir='ltr'><strong>le</strong></span> <span class='ocrx_word' id='word_1_358' title='bbox 994 3445 1077 3503; x_wconf 88' lang='lat' dir='ltr'><strong>reste</strong></span> <span class='ocrx_word' id='word_1_359' title='bbox 1105 3435 1145 3501; x_wconf 91' lang='lat' dir='ltr'><strong>de</strong></span> <span class='ocrx_word' id='word_1_360' title='bbox 1166 3445 1248 3503; x_wconf 87' lang='lat' dir='ltr'><strong>cette</strong></span> <span class='ocrx_word' id='word_1_361' title='bbox 1270 3434 1361 3504; x_wconf 87' lang='lat' dir='ltr'><strong>lettre</strong></span> <span class='ocrx_word' id='word_1_362' title='bbox 1388 3433 1429 3501; x_wconf 89' lang='lat' dir='ltr'><strong>de</strong></span> <span class='ocrx_word' id='word_1_363' title='bbox 1450 3434 1504 3501; x_wconf 84' lang='lat' dir='ltr'><strong>dix</strong></span> <span class='ocrx_word' id='word_1_364' title='bbox 1531 3432 1665 3526; x_wconf 87' lang='lat' dir='ltr'><strong>grandes</strong></span> <span class='ocrx_word' id='word_1_365' title='bbox 1692 3458 1792 3527; x_wconf 91' lang='lat' dir='ltr'><strong>pages</strong></span> 
     </span>
     <span class='ocr_line' id='line_1_29' title="bbox 154 3548 1791 3645; baseline -0.002 -23"><span class='ocrx_word' id='word_1_366' title='bbox 154 3565 224 3622; x_wconf 83' lang='lat' dir='ltr'><strong>-eer</strong></span> <span class='ocrx_word' id='word_1_367' title='bbox 256 3551 404 3645; x_wconf 75' lang='lat' dir='ltr'><strong>employe</strong></span> <span class='ocrx_word' id='word_1_368' title='bbox 438 3555 457 3619; x_wconf 78' lang='lat' dir='ltr'><strong>ir</strong></span> <span class='ocrx_word' id='word_1_369' title='bbox 484 3549 516 3618; x_wconf 86' lang='lat' dir='ltr'><strong>la</strong></span> <span class='ocrx_word' id='word_1_370' title='bbox 539 3549 716 3617; x_wconf 64' lang='lat' dir='ltr'><strong>discnsmn</strong></span> <span class='ocrx_word' id='word_1_371' title='bbox 751 3549 806 3616; x_wconf 88' lang='lat' dir='ltr'><strong>des</strong></span> <span class='ocrx_word' id='word_1_372' title='bbox 837 3549 921 3617; x_wconf 88' lang='lat' dir='ltr'><strong>deux</strong></span> <span class='ocrx_word' id='word_1_373' title='bbox 948 3550 1114 3618; x_wconf 87' lang='lat' dir='ltr'><strong>difficulte&#39;s</strong></span> <span class='ocrx_word' id='word_1_374' title='bbox 1149 3551 1365 3619; x_wconf 78' lang='lat' dir='ltr'><strong>mennonne&#39;es</strong></span> <span class='ocrx_word' id='word_1_375' title='bbox 1399 3549 1478 3618; x_wconf 92' lang='lat' dir='ltr'><strong>daus</strong></span> <span class='ocrx_word' id='word_1_376' title='bbox 1505 3548 1536 3617; x_wconf 90' lang='lat' dir='ltr'><strong>la</strong></span> <span class='ocrx_word' id='word_1_377' title='bbox 1562 3549 1653 3618; x_wconf 88' lang='lat' dir='ltr'><strong>lettre</strong></span> <span class='ocrx_word' id='word_1_378' title='bbox 1679 3553 1791 3642; x_wconf 73' lang='lat' dir='ltr'><strong>prece-</strong></span> 
     </span>
     <span class='ocr_line' id='line_1_30' title="bbox 154 3663 1792 3757; baseline -0.001 -20"><span class='ocrx_word' id='word_1_379' title='bbox 154 3667 298 3737; x_wconf 84' lang='lat' dir='ltr'><strong>·dente.·</strong></span> <span class='ocrx_word' id='word_1_380' title='bbox 328 3706 372 3719; x_wconf 85' lang='lat'>-</span> <span class='ocrx_word' id='word_1_381' title='bbox 399 3666 515 3734; x_wconf 91' lang='lat' dir='ltr'><strong>lisdem</strong></span> <span class='ocrx_word' id='word_1_382' title='bbox 542 3665 677 3756; x_wconf 87' lang='lat' dir='ltr'><strong>denique</strong></span> <span class='ocrx_word' id='word_1_383' title='bbox 698 3663 801 3732; x_wconf 87' lang='lat' dir='ltr'><strong>verbis</strong></span> <span class='ocrx_word' id='word_1_384' title='bbox 822 3668 1089 3757; x_wconf 88' lang='lat' dir='ltr'><strong>exspectationem</strong></span> <span class='ocrx_word' id='word_1_385' title='bbox 1110 3677 1250 3734; x_wconf 88' lang='lat' dir='ltr'><strong>nostram</strong></span> <span class='ocrx_word' id='word_1_386' title='bbox 1272 3667 1399 3732; x_wconf 83' lang='lat' dir='ltr'><strong>frustrat</strong></span> <span class='ocrx_word' id='word_1_387' title='bbox 1421 3663 1529 3747; x_wconf 85' lang='lat' dir='ltr'><strong>editor,</strong></span> <span class='ocrx_word' id='word_1_388' title='bbox 1550 3686 1626 3731; x_wconf 91' lang='lat' dir='ltr'><strong>cum</strong></span> <span class='ocrx_word' id='word_1_389' title='bbox 1648 3669 1690 3755; x_wconf 89' lang='lat' dir='ltr'><strong>(p.</strong></span> <span class='ocrx_word' id='word_1_390' title='bbox 1714 3670 1792 3753; x_wconf 82' lang='grc'>197)</span> 
     </span>
     <span class='ocr_line' id='line_1_31' title="bbox 152 3777 1791 3874; baseline -0.001 -24"><span class='ocrx_word' id='word_1_391' title='bbox 152 3780 305 3874; x_wconf 87' lang='lat' dir='ltr'><strong>epistolae</strong></span> <span class='ocrx_word' id='word_1_392' title='bbox 334 3781 364 3848; x_wconf 83' lang='lat' dir='ltr'><strong>d</strong></span> <span class='ocrx_word' id='word_1_393' title='bbox 393 3786 423 3849; x_wconf 82' lang='lat'><strong>9.</strong></span> <span class='ocrx_word' id='word_1_394' title='bbox 453 3781 524 3848; x_wconf 84' lang='lat' dir='ltr'><strong>0cr</strong></span> <span class='ocrx_word' id='word_1_395' title='bbox 555 3782 641 3849; x_wconf 91' lang='grc'>1687</span> <span class='ocrx_word' id='word_1_396' title='bbox 670 3780 868 3869; x_wconf 80' lang='lat' dir='ltr'><strong>conscriptae</strong></span> <span class='ocrx_word' id='word_1_397' title='bbox 897 3779 1002 3848; x_wconf 91' lang='lat' dir='ltr'><strong>solum</strong></span> <span class='ocrx_word' id='word_1_398' title='bbox 1030 3782 1194 3849; x_wconf 87' lang='lat' dir='ltr'><strong>exordium</strong></span> <span class='ocrx_word' id='word_1_399' title='bbox 1224 3791 1256 3849; x_wconf 92' lang='lat' dir='ltr'><strong>et</strong></span> <span class='ocrx_word' id='word_1_400' title='bbox 1283 3779 1378 3848; x_wconf 88' lang='lat' dir='ltr'><strong>finem</strong></span> <span class='ocrx_word' id='word_1_401' title='bbox 1407 3778 1565 3862; x_wconf 83' lang='lat' dir='ltr'><strong>exitibeat,</strong></span> <span class='ocrx_word' id='word_1_402' title='bbox 1601 3777 1686 3847; x_wconf 88' lang='lat' dir='ltr'><strong>illam</strong></span> <span class='ocrx_word' id='word_1_403' title='bbox 1713 3806 1791 3849; x_wconf 91' lang='lat' dir='ltr'><strong>vero</strong></span> 
     </span>
     <span class='ocr_line' id='line_1_32' title="bbox 151 3892 1789 3987; baseline 0 -25"><span class='ocrx_word' id='word_1_404' title='bbox 151 3904 289 3987; x_wconf 85' lang='lat' dir='ltr'><strong>partem,</strong></span> <span class='ocrx_word' id='word_1_405' title='bbox 322 3917 404 3984; x_wconf 84' lang='lat' dir='ltr'><strong>quae</strong></span> <span class='ocrx_word' id='word_1_406' title='bbox 432 3898 538 3987; x_wconf 90' lang='lat' dir='ltr'><strong>ipsum</strong></span> <span class='ocrx_word' id='word_1_407' title='bbox 568 3903 791 3986; x_wconf 88' lang='lat' dir='ltr'><strong>argumentum</strong></span> <span class='ocrx_word' id='word_1_408' title='bbox 817 3904 945 3978; x_wconf 86' lang='lat' dir='ltr'><strong>tractet,</strong></span> <span class='ocrx_word' id='word_1_409' title='bbox 974 3899 1111 3978; x_wconf 86' lang='lat' dir='ltr'><strong>omittat,</strong></span> <span class='ocrx_word' id='word_1_410' title='bbox 1145 3898 1276 3987; x_wconf 87' lang='lat' dir='ltr'><strong>ejusque</strong></span> <span class='ocrx_word' id='word_1_411' title='bbox 1296 3897 1329 3963; x_wconf 91' lang='lat' dir='ltr'><strong>in</strong></span> <span class='ocrx_word' id='word_1_412' title='bbox 1350 3893 1422 3963; x_wconf 92' lang='lat' dir='ltr'><strong>loco</strong></span> <span class='ocrx_word' id='word_1_413' title='bbox 1449 3892 1529 3961; x_wconf 84' lang='lat' dir='ltr'><strong>haec</strong></span> <span class='ocrx_word' id='word_1_414' title='bbox 1556 3893 1653 3962; x_wconf 83' lang='lat' dir='ltr'><strong>verba</strong></span> <span class='ocrx_word' id='word_1_415' title='bbox 1680 3908 1789 3986; x_wconf 90' lang='lat' dir='ltr'><strong>ponat:</strong></span> 
     </span>
     <span class='ocr_line' id='line_1_33' title="bbox 154 4007 1789 4103; baseline 0.001 -26"><span class='ocrx_word' id='word_1_416' title='bbox 154 4007 217 4077; x_wconf 78' lang='lat' dir='ltr'><strong>·hb</strong></span> <span class='ocrx_word' id='word_1_417' title='bbox 238 4007 380 4076; x_wconf 82' lang='lat' dir='ltr'><strong>Leibnitz</strong></span> <span class='ocrx_word' id='word_1_418' title='bbox 401 4012 455 4078; x_wconf 82' lang='lat' dir='ltr'><strong>init</strong></span> <span class='ocrx_word' id='word_1_419' title='bbox 476 4012 518 4078; x_wconf 91' lang='lat' dir='ltr'><strong>ici</strong></span> <span class='ocrx_word' id='word_1_420' title='bbox 546 4033 587 4077; x_wconf 88' lang='lat' dir='ltr'><strong>err</strong></span> <span class='ocrx_word' id='word_1_421' title='bbox 607 4012 681 4100; x_wconf 72' lang='lat' dir='ltr'><strong>pres</strong></span> <span class='ocrx_word' id='word_1_422' title='bbox 707 4008 750 4077; x_wconf 89' lang='lat' dir='ltr'><strong>de</strong></span> <span class='ocrx_word' id='word_1_423' title='bbox 771 4010 867 4078; x_wconf 68' lang='lat' dir='ltr'><strong>haze</strong></span> <span class='ocrx_word' id='word_1_424' title='bbox 895 4012 1030 4102; x_wconf 87' lang='lat' dir='ltr'><strong>grandes</strong></span> <span class='ocrx_word' id='word_1_425' title='bbox 1052 4035 1150 4103; x_wconf 89' lang='lat' dir='ltr'><strong>pages</strong></span> <span class='ocrx_word' id='word_1_426' title='bbox 1177 4009 1209 4078; x_wconf 90' lang='lat' dir='ltr'><strong>la</strong></span> <span class='ocrx_word' id='word_1_427' title='bbox 1230 4008 1468 4101; x_wconf 76' lang='lat' dir='ltr'><strong>recapitulation</strong></span> <span class='ocrx_word' id='word_1_428' title='bbox 1495 4009 1536 4077; x_wconf 91' lang='lat' dir='ltr'><strong>de</strong></span> <span class='ocrx_word' id='word_1_429' title='bbox 1559 4019 1647 4077; x_wconf 90' lang='lat' dir='ltr'><strong>toute</strong></span> <span class='ocrx_word' id='word_1_430' title='bbox 1667 4007 1699 4076; x_wconf 90' lang='lat' dir='ltr'><strong>la</strong></span> <span class='ocrx_word' id='word_1_431' title='bbox 1720 4035 1789 4080; x_wconf 85' lang='lat' dir='ltr'><strong>ma·</strong></span> 
     </span>
     <span class='ocr_line' id='line_1_34' title="bbox 156 4123 1790 4217; baseline 0.002 -27"><span class='ocrx_word' id='word_1_432' title='bbox 156 4125 264 4204; x_wconf 75' lang='lat' dir='ltr'><strong>-utre,</strong></span> <span class='ocrx_word' id='word_1_433' title='bbox 287 4123 380 4214; x_wconf 72' lang='lat' dir='ltr'><strong>apres</strong></span> <span class='ocrx_word' id='word_1_434' title='bbox 402 4124 479 4216; x_wconf 92' lang='lat' dir='ltr'><strong>quoi</strong></span> <span class='ocrx_word' id='word_1_435' title='bbox 499 4123 605 4191; x_wconf 86' lang='lat' dir='ltr'><strong>illinit</strong></span> <span class='ocrx_word' id='word_1_436' title='bbox 625 4125 705 4191; x_wconf 87' lang='lat' dir='ltr'><strong>ainsi</strong></span> <span class='ocrx_word' id='word_1_437' title='bbox 726 4133 806 4190; x_wconf 82' lang='lat' dir='ltr'><strong>ete·</strong></span> <span class='ocrx_word' id='word_1_438' title='bbox 819 4165 865 4177; x_wconf 90' lang='lat'><em>-</em></span> <span class='ocrx_word' id='word_1_439' title='bbox 886 4127 1010 4212; x_wconf 79' lang='lat' dir='ltr'><strong>Quibus</strong></span> <span class='ocrx_word' id='word_1_440' title='bbox 1034 4126 1181 4194; x_wconf 90' lang='lat' dir='ltr'><strong>omnibus</strong></span> <span class='ocrx_word' id='word_1_441' title='bbox 1202 4125 1324 4192; x_wconf 89' lang='lat' dir='ltr'><strong>collatis</strong></span> <span class='ocrx_word' id='word_1_442' title='bbox 1338 4126 1498 4192; x_wconf 89' lang='lat' dir='ltr'><strong>neminem</strong></span> <span class='ocrx_word' id='word_1_443' title='bbox 1519 4127 1659 4217; x_wconf 82' lang='lat' dir='ltr'><strong>profecto</strong></span> <span class='ocrx_word' id='word_1_444' title='bbox 1671 4124 1790 4210; x_wconf 86' lang='lat' dir='ltr'><strong>latebit,</strong></span> 
     </span>
     <span class='ocr_line' id='line_1_35' title="bbox 151 4237 1789 4332; baseline 0.001 -25"><span class='ocrx_word' id='word_1_445' title='bbox 151 4238 193 4307; x_wconf 89' lang='lat' dir='ltr'><strong>ad</strong></span> <span class='ocrx_word' id='word_1_446' title='bbox 214 4240 392 4308; x_wconf 87' lang='lat' dir='ltr'><strong>accuratius</strong></span> <span class='ocrx_word' id='word_1_447' title='bbox 414 4239 666 4331; x_wconf 86' lang='lat' dir='ltr'><strong>cognoscendam</strong></span> <span class='ocrx_word' id='word_1_448' title='bbox 688 4237 919 4332; x_wconf 87' lang='lat' dir='ltr'><strong>philosophiam</strong></span> <span class='ocrx_word' id='word_1_449' title='bbox 929 4240 1074 4309; x_wconf 89' lang='lat' dir='ltr'><strong>Leibnitii</strong></span> <span class='ocrx_word' id='word_1_450' title='bbox 1095 4241 1157 4310; x_wconf 92' lang='lat' dir='ltr'><strong>hoc</strong></span> <span class='ocrx_word' id='word_1_451' title='bbox 1171 4242 1300 4308; x_wconf 88' lang='lat' dir='ltr'><strong>maximi</strong></span> <span class='ocrx_word' id='word_1_452' title='bbox 1316 4262 1387 4308; x_wconf 87' lang='lat' dir='ltr'><strong>esse</strong></span> <span class='ocrx_word' id='word_1_453' title='bbox 1408 4241 1570 4322; x_wconf 91' lang='lat' dir='ltr'><strong>momenti,</strong></span> <span class='ocrx_word' id='word_1_454' title='bbox 1591 4249 1627 4307; x_wconf 90' lang='lat' dir='ltr'><strong>ut</strong></span> <span class='ocrx_word' id='word_1_455' title='bbox 1649 4262 1707 4307; x_wconf 89' lang='lat' dir='ltr'><strong>eae</strong></span> <span class='ocrx_word' id='word_1_456' title='bbox 1721 4243 1789 4330; x_wconf 90' lang='lat' dir='ltr'><strong>epi·</strong></span> 
     </span>
     <span class='ocr_line' id='line_1_36' title="bbox 131 4351 1789 4446; baseline 0.001 -26"><span class='ocrx_word' id='word_1_457' title='bbox 131 4355 251 4423; x_wconf 86' lang='lat' dir='ltr'><strong>&#39;stolae</strong></span> <span class='ocrx_word' id='word_1_458' title='bbox 272 4356 305 4422; x_wconf 92' lang='lat' dir='ltr'><strong>in</strong></span> <span class='ocrx_word' id='word_1_459' title='bbox 320 4351 427 4423; x_wconf 90' lang='lat' dir='ltr'><strong>lucem</strong></span> <span class='ocrx_word' id='word_1_460' title='bbox 449 4353 591 4422; x_wconf 82' lang='lat' dir='ltr'><strong>edantur.</strong></span> <span class='ocrx_word' id='word_1_461' title='bbox 623 4353 753 4421; x_wconf 89' lang='lat' dir='ltr'><strong>Etcum</strong></span> <span class='ocrx_word' id='word_1_462' title='bbox 776 4378 814 4423; x_wconf 89' lang='lat' dir='ltr'><strong>ea</strong></span> <span class='ocrx_word' id='word_1_463' title='bbox 836 4357 878 4422; x_wconf 92' lang='lat' dir='ltr'><strong>sit</strong></span> <span class='ocrx_word' id='word_1_464' title='bbox 896 4353 969 4422; x_wconf 81' lang='lat' dir='ltr'><strong>[elix</strong></span> <span class='ocrx_word' id='word_1_465' title='bbox 990 4353 1154 4422; x_wconf 87' lang='lat' dir='ltr'><strong>hominurn</strong></span> <span class='ocrx_word' id='word_1_466' title='bbox 1176 4354 1295 4423; x_wconf 88' lang='lat' dir='ltr'><strong>indoles</strong></span> <span class='ocrx_word' id='word_1_467' title='bbox 1310 4364 1355 4435; x_wconf 85' lang='lat' dir='ltr'><strong>ut,</strong></span> <span class='ocrx_word' id='word_1_468' title='bbox 1377 4375 1461 4444; x_wconf 89' lang='lat' dir='ltr'><strong>quae</strong></span> <span class='ocrx_word' id='word_1_469' title='bbox 1482 4353 1597 4446; x_wconf 91' lang='lat' dir='ltr'><strong>cupido</strong></span> <span class='ocrx_word' id='word_1_470' title='bbox 1612 4363 1644 4422; x_wconf 85' lang='lat' dir='ltr'><strong>et</strong></span> <span class='ocrx_word' id='word_1_471' title='bbox 1666 4353 1789 4423; x_wconf 89' lang='lat' dir='ltr'><strong>deside·</strong></span> 
     </span>
     <span class='ocr_line' id='line_1_37' title="bbox 150 4467 1791 4562; baseline 0.001 -25"><span class='ocrx_word' id='word_1_472' title='bbox 150 4472 233 4537; x_wconf 85' lang='lat' dir='ltr'><strong>rium</strong></span> <span class='ocrx_word' id='word_1_473' title='bbox 255 4479 494 4560; x_wconf 84' lang='lat' dir='ltr'><strong>prosequantur,</strong></span> <span class='ocrx_word' id='word_1_474' title='bbox 516 4491 554 4536; x_wconf 88' lang='lat' dir='ltr'><strong>ea</strong></span> <span class='ocrx_word' id='word_1_475' title='bbox 576 4491 650 4560; x_wconf 89' lang='lat' dir='ltr'><strong>spes</strong></span> <span class='ocrx_word' id='word_1_476' title='bbox 671 4470 816 4538; x_wconf 87' lang='lat' dir='ltr'><strong>ostendat</strong></span> <span class='ocrx_word' id='word_1_477' title='bbox 830 4480 993 4560; x_wconf 87' lang='lat' dir='ltr'><strong>tamquam</strong></span> <span class='ocrx_word' id='word_1_478' title='bbox 1014 4471 1132 4562; x_wconf 89' lang='lat' dir='ltr'><strong>adeptu</strong></span> <span class='ocrx_word' id='word_1_479' title='bbox 1152 4470 1264 4553; x_wconf 80' lang='lat' dir='ltr'><strong>facilia,</strong></span> <span class='ocrx_word' id='word_1_480' title='bbox 1284 4469 1376 4538; x_wconf 88' lang='lat' dir='ltr'><strong>multi</strong></span> <span class='ocrx_word' id='word_1_481' title='bbox 1395 4471 1428 4537; x_wconf 90' lang='lat' dir='ltr'><strong>ni</strong></span> <span class='ocrx_word' id='word_1_482' title='bbox 1442 4467 1540 4551; x_wconf 79' lang='lat' dir='ltr'><strong>tollor,</strong></span> <span class='ocrx_word' id='word_1_483' title='bbox 1560 4471 1616 4561; x_wconf 87' lang='lat' dir='ltr'><strong>qni</strong></span> <span class='ocrx_word' id='word_1_484' title='bbox 1635 4469 1791 4539; x_wconf 77' lang='lat' dir='ltr'><strong>inl&#39;ederi</strong></span> 
     </span>
     <span class='ocr_line' id='line_1_38' title="bbox 150 4582 1788 4677; baseline 0.001 -24"><span class='ocrx_word' id='word_1_485' title='bbox 150 4583 335 4653; x_wconf 84' lang='lat' dir='ltr'><strong>collectione</strong></span> <span class='ocrx_word' id='word_1_486' title='bbox 360 4607 457 4675; x_wconf 87' lang='lat' dir='ltr'><strong>supra</strong></span> <span class='ocrx_word' id='word_1_487' title='bbox 477 4583 603 4651; x_wconf 86' lang='lat' dir='ltr'><strong>laudata</strong></span> <span class='ocrx_word' id='word_1_488' title='bbox 630 4582 713 4651; x_wconf 90' lang='lat' dir='ltr'><strong>hanc</strong></span> <span class='ocrx_word' id='word_1_489' title='bbox 734 4587 968 4653; x_wconf 84' lang='lat' dir='ltr'><strong>annotationem</strong></span> <span class='ocrx_word' id='word_1_490' title='bbox 988 4583 1135 4677; x_wconf 87' lang='lat' dir='ltr'><strong>legerint,</strong></span> <span class='ocrx_word' id='word_1_491' title='bbox 1161 4582 1205 4652; x_wconf 90' lang='lat' dir='ltr'><strong>illi</strong></span> <span class='ocrx_word' id='word_1_492' title='bbox 1226 4585 1267 4653; x_wconf 91' lang='lat' dir='ltr'><strong>ad</strong></span> <span class='ocrx_word' id='word_1_493' title='bbox 1287 4583 1479 4676; x_wconf 87' lang='lat' dir='ltr'><strong>Bigrronium</strong></span> <span class='ocrx_word' id='word_1_494' title='bbox 1500 4583 1651 4676; x_wconf 82' lang='lat' dir='ltr'><strong>epistolae</strong></span> <span class='ocrx_word' id='word_1_495' title='bbox 1676 4584 1788 4676; x_wconf 84' lang='lat' dir='ltr'><strong>adjrm·</strong></span> 
     </span>
     <span class='ocr_line' id='line_1_39' title="bbox 151 4698 1790 4790; baseline 0.002 -25"><span class='ocrx_word' id='word_1_496' title='bbox 151 4709 251 4766; x_wconf 89' lang='lat' dir='ltr'><strong>ctam:</strong></span> <span class='ocrx_word' id='word_1_497' title='bbox 299 4698 388 4767; x_wconf 80' lang='lat' dir='ltr'><strong>-bes</strong></span> <span class='ocrx_word' id='word_1_498' title='bbox 408 4699 518 4768; x_wconf 89' lang='lat' dir='ltr'><strong>lettres</strong></span> <span class='ocrx_word' id='word_1_499' title='bbox 544 4723 609 4767; x_wconf 90' lang='lat' dir='ltr'><strong>uon</strong></span> <span class='ocrx_word' id='word_1_500' title='bbox 629 4700 813 4790; x_wconf 76' lang='lat' dir='ltr'><strong>imprimees</strong></span> <span class='ocrx_word' id='word_1_501' title='bbox 834 4699 1007 4769; x_wconf 83' lang='lat' dir='ltr'><strong>d’llrnauld</strong></span> <span class='ocrx_word' id='word_1_502' title='bbox 1033 4710 1066 4768; x_wconf 88' lang='lat' dir='ltr'><strong>et</strong></span> <span class='ocrx_word' id='word_1_503' title='bbox 1093 4699 1133 4767; x_wconf 93' lang='lat' dir='ltr'><strong>de</strong></span> <span class='ocrx_word' id='word_1_504' title='bbox 1154 4698 1311 4783; x_wconf 80' lang='lat' dir='ltr'><strong>Leihnita,</strong></span> <span class='ocrx_word' id='word_1_505' title='bbox 1339 4723 1415 4790; x_wconf 88' lang='lat' dir='ltr'><strong>que</strong></span> <span class='ocrx_word' id='word_1_506' title='bbox 1441 4698 1477 4766; x_wconf 87' lang='lat' dir='ltr'><strong>la</strong></span> <span class='ocrx_word' id='word_1_507' title='bbox 1506 4698 1790 4790; x_wconf 74' lang='lat' dir='ltr'><strong>Bibliotheque</strong></span> 
     </span>
     <span class='ocr_line' id='line_1_40' title="bbox 114 4794 1790 4908; baseline 0 -27"><span class='ocrx_word' id='word_1_508' title='bbox 114 4794 118 4815; x_wconf 59' lang='lat'><strong>¹</strong></span> <span class='ocrx_word' id='word_1_509' title='bbox 153 4813 311 4906; x_wconf 87' lang='lat' dir='ltr'><strong>·garde,</strong></span> <span class='ocrx_word' id='word_1_510' title='bbox 340 4825 396 4882; x_wconf 92' lang='lat' dir='ltr'><strong>ont</strong></span> <span class='ocrx_word' id='word_1_511' title='bbox 424 4816 475 4882; x_wconf 73' lang='lat' dir='ltr'><strong>ete</strong></span> <span class='ocrx_word' id='word_1_512' title='bbox 503 4812 694 4881; x_wconf 77' lang='lat' dir='ltr'><strong>demandees</strong></span> <span class='ocrx_word' id='word_1_513' title='bbox 723 4837 763 4880; x_wconf 93' lang='lat' dir='ltr'><strong>en</strong></span> <span class='ocrx_word' id='word_1_514' title='bbox 791 4819 897 4907; x_wconf 91' lang='lat' dir='ltr'><strong>copies</strong></span> <span class='ocrx_word' id='word_1_515' title='bbox 926 4838 983 4908; x_wconf 91' lang='lat' dir='ltr'><strong>par</strong></span> <span class='ocrx_word' id='word_1_516' title='bbox 1004 4814 1099 4907; x_wconf 88' lang='lat' dir='ltr'><strong>blsgr.</strong></span> <span class='ocrx_word' id='word_1_517' title='bbox 1121 4813 1152 4881; x_wconf 92' lang='lat' dir='ltr'><strong>le</strong></span> <span class='ocrx_word' id='word_1_518' title='bbox 1173 4813 1333 4881; x_wconf 78' lang='lat' dir='ltr'><strong>hlarechal</strong></span> <span class='ocrx_word' id='word_1_519' title='bbox 1354 4812 1483 4881; x_wconf 89' lang='lat' dir='ltr'><strong>Mortier</strong></span> <span class='ocrx_word' id='word_1_520' title='bbox 1509 4838 1591 4907; x_wconf 94' lang='lat' dir='ltr'><strong>pour</strong></span> <span class='ocrx_word' id='word_1_521' title='bbox 1611 4837 1655 4881; x_wconf 93' lang='lat' dir='ltr'><strong>un</strong></span> <span class='ocrx_word' id='word_1_522' title='bbox 1677 4824 1790 4881; x_wconf 87' lang='lat' dir='ltr'><strong>savant</strong></span> 
     </span>
    </p>
   </div>
   <div class='ocr_carea' id='block_1_8' title="bbox 26 4927 1788 5025">
    <p class='ocr_par' dir='ltr' id='par_1_8' title="bbox 26 4927 1788 5025">
     <span class='ocr_line' id='line_1_41' title="bbox 26 4927 1788 5025; baseline -0.001 -28"><span class='ocrx_word' id='word_1_523' title='bbox 26 5018 31 5025; x_wconf 26' lang='lat'><strong>¹</strong></span> <span class='ocrx_word' id='word_1_524' title='bbox 155 4928 214 4997; x_wconf 84' lang='lat' dir='ltr'><strong>-de</strong></span> <span class='ocrx_word' id='word_1_525' title='bbox 235 4930 334 5012; x_wconf 89' lang='lat' dir='ltr'><strong>Paris,</strong></span> <span class='ocrx_word' id='word_1_526' title='bbox 355 4936 433 4998; x_wconf 82' lang='lat' dir='ltr'><strong>e&#39;est</strong></span> <span class='ocrx_word' id='word_1_527' title='bbox 455 4930 612 5019; x_wconf 90' lang='lat' dir='ltr'><strong>pourquoi</strong></span> <span class='ocrx_word' id='word_1_528' title='bbox 636 4932 670 5020; x_wconf 88' lang='lat' dir='ltr'><strong>je</strong></span> <span class='ocrx_word' id='word_1_529' title='bbox 691 4952 745 4996; x_wconf 91' lang='lat' dir='ltr'><strong>me</strong></span> <span class='ocrx_word' id='word_1_530' title='bbox 767 4931 833 4995; x_wconf 91' lang='lat' dir='ltr'><strong>suis</strong></span> <span class='ocrx_word' id='word_1_531' title='bbox 856 4930 988 4998; x_wconf 90' lang='lat' dir='ltr'><strong>abstenu</strong></span> <span class='ocrx_word' id='word_1_532' title='bbox 1008 4931 1050 4999; x_wconf 93' lang='lat' dir='ltr'><strong>de</strong></span> <span class='ocrx_word' id='word_1_533' title='bbox 1070 4929 1117 4996; x_wconf 91' lang='lat' dir='ltr'><strong>les</strong></span> <span class='ocrx_word' id='word_1_534' title='bbox 1139 4929 1259 4996; x_wconf 73' lang='lat' dir='ltr'><strong>inserer</strong></span> <span class='ocrx_word' id='word_1_535' title='bbox 1280 4931 1334 5011; x_wconf 92' lang='lat' dir='ltr'><strong>ici,</strong></span> <span class='ocrx_word' id='word_1_536' title='bbox 1356 4951 1399 4996; x_wconf 90' lang='lat' dir='ltr'><strong>ne</strong></span> <span class='ocrx_word' id='word_1_537' title='bbox 1418 4927 1549 4997; x_wconf 81' lang='lat' dir='ltr'><strong>roulant</strong></span> <span class='ocrx_word' id='word_1_538' title='bbox 1570 4952 1626 5019; x_wconf 90' lang='lat' dir='ltr'><strong>pas</strong></span> <span class='ocrx_word' id='word_1_539' title='bbox 1648 4950 1788 4996; x_wconf 86' lang='lat' dir='ltr'><strong>concorr-</strong></span> 
     </span>
    </p>
   </div>
   <div class='ocr_carea' id='block_1_9' title="bbox 150 5024 1789 5251">
    <p class='ocr_par' dir='ltr' id='par_1_9' title="bbox 150 5024 1789 5251">
     <span class='ocr_line' id='line_1_42' title="bbox 154 5024 1789 5136; baseline -0.002 -22"><span class='ocrx_word' id='word_1_540' title='bbox 154 5048 217 5115; x_wconf 82' lang='lat' dir='ltr'><strong>·rir</strong></span> <span class='ocrx_word' id='word_1_541' title='bbox 237 5068 315 5114; x_wconf 82' lang='lat' dir='ltr'><strong>avec</strong></span> <span class='ocrx_word' id='word_1_542' title='bbox 340 5044 371 5113; x_wconf 93' lang='lat' dir='ltr'><strong>le</strong></span> <span class='ocrx_word' id='word_1_543' title='bbox 393 5045 498 5113; x_wconf 90' lang='lat' dir='ltr'><strong>dessin</strong></span> <span class='ocrx_word' id='word_1_544' title='bbox 528 5049 624 5136; x_wconf 86' lang='lat' dir='ltr'><strong>qu&#39;on</strong></span> <span class='ocrx_word' id='word_1_545' title='bbox 646 5045 788 5135; x_wconf 90' lang='lat' dir='ltr'><strong>pourroit</strong></span> <span class='ocrx_word' id='word_1_546' title='bbox 814 5046 902 5112; x_wconf 89' lang='lat' dir='ltr'><strong>avoir</strong></span> <span class='ocrx_word' id='word_1_547' title='bbox 930 5069 972 5114; x_wconf 90' lang='lat' dir='ltr'><strong>eu</strong></span> <span class='ocrx_word' id='word_1_548' title='bbox 993 5024 1116 5114; x_wconf 80' lang='lat' dir='ltr'><strong>Frauce</strong></span> <span class='ocrx_word' id='word_1_549' title='bbox 1145 5041 1252 5111; x_wconf 89' lang='lat' dir='ltr'><strong>deles</strong></span> <span class='ocrx_word' id='word_1_550' title='bbox 1273 5046 1350 5112; x_wconf 84' lang='lat' dir='ltr'><strong>[aire</strong></span> <span class='ocrx_word' id='word_1_551' title='bbox 1370 5045 1571 5136; x_wconf 88' lang='lat' dir='ltr'><strong>imprimer,·</strong></span> <span class='ocrx_word' id='word_1_552' title='bbox 1598 5082 1642 5093; x_wconf 95' lang='lat'>—</span> <span class='ocrx_word' id='word_1_553' title='bbox 1670 5043 1702 5110; x_wconf 94' lang='lat' dir='ltr'><strong>id</strong></span> <span class='ocrx_word' id='word_1_554' title='bbox 1725 5067 1789 5111; x_wconf 91' lang='lat' dir='ltr'><strong>nou</strong></span> 
     </span>
     <span class='ocr_line' id='line_1_43' title="bbox 150 5155 1788 5251; baseline -0.001 -24"><span class='ocrx_word' id='word_1_555' title='bbox 150 5161 304 5229; x_wconf 88' lang='lat' dir='ltr'><strong>curabunt</strong></span> <span class='ocrx_word' id='word_1_556' title='bbox 326 5159 412 5251; x_wconf 88' lang='lat' dir='ltr'><strong>quod</strong></span> <span class='ocrx_word' id='word_1_557' title='bbox 432 5160 573 5230; x_wconf 86' lang='lat' dir='ltr'><strong>Federus</strong></span> <span class='ocrx_word' id='word_1_558' title='bbox 595 5182 763 5229; x_wconf 88' lang='lat' dir='ltr'><strong>numerum</strong></span> <span class='ocrx_word' id='word_1_559' title='bbox 786 5159 990 5251; x_wconf 85' lang='lat' dir='ltr'><strong>epistolarum</strong></span> <span class='ocrx_word' id='word_1_560' title='bbox 1011 5183 1076 5230; x_wconf 90' lang='lat' dir='ltr'><strong>nou</strong></span> <span class='ocrx_word' id='word_1_561' title='bbox 1097 5158 1224 5245; x_wconf 85' lang='lat' dir='ltr'><strong>indicat,</strong></span> <span class='ocrx_word' id='word_1_562' title='bbox 1246 5159 1303 5228; x_wconf 90' lang='lat' dir='ltr'><strong>sed</strong></span> <span class='ocrx_word' id='word_1_563' title='bbox 1325 5159 1431 5227; x_wconf 90' lang='lat' dir='ltr'><strong>statim</strong></span> <span class='ocrx_word' id='word_1_564' title='bbox 1453 5155 1596 5241; x_wconf 90' lang='lat' dir='ltr'><strong>credent,</strong></span> <span class='ocrx_word' id='word_1_565' title='bbox 1622 5161 1655 5226; x_wconf 88' lang='lat' dir='ltr'><strong>in</strong></span> <span class='ocrx_word' id='word_1_566' title='bbox 1677 5157 1788 5226; x_wconf 89' lang='lat' dir='ltr'><strong>biblio·</strong></span> 
     </span>
    </p>
   </div>
   <div class='ocr_carea' id='block_1_10' title="bbox 0 0 1858 5828">
    <p class='ocr_par' dir='ltr' id='par_1_10' title="bbox 0 0 1858 5828">
     <span class='ocr_line' id='line_1_44' title="bbox 0 0 1858 5828; baseline 0 1"><span class='ocrx_word' id='word_1_567' title='bbox 0 0 1858 5828; x_wconf 95' lang='lat' dir='ltr'><strong> </strong></span> 
     </span>
    </p>
   </div>
  </div>
 </body>
</html>
