3706 5828
174 342 242 407 686
593 338 756 400 mxlv.
798 338 853 397 AD
873 336 943 397 ΗΕΒ
964 338 1090 397 BOSSOE
1111 284 1287 399 nl‘lsmnn
1309 336 1393 397 XXI.

176 506 241 548 eom
267 500 366 543 monas
384 498 493 554 sernper
521 480 596 537 intra
623 496 655 537 so
682 480 821 555 exprimat
849 496 914 537 suas
934 479 971 536 ad
1013 480 1122 555 dillert,
1136 478 1440 551 velestamidentalis,
1459 482 1488 535 et
1501 480 1669 553 appellatur
1682 480 1814 539 moline-

176 582 285 637 metera
312 572 407 629 omnia
435 570 605 642 relationes,
633 571 716 639 longe
744 570 800 626 alia
829 568 971 643 percipiet,
1014 569 1070 642 tio,
1089 585 1160 642 quae
1174 569 1264 641 msoi,
1284 573 1314 624 et
1337 568 1450 623 interire
1467 572 1576 642 potest,
1601 574 1744 625 manento
1761 572 1815 625 srrla
1852 571 1853 590 ¹

175 681 239 725 mm
253 664 283 718 in
298 676 370 733 equo
381 660 446 731 erit,
460 674 544 730 quam
552 673 616 715 oum
630 659 659 713 in
673 674 749 714 eane.
792 657 837 714 Ad
851 657 974 713 assiden-
1011 657 1097 727 jeoto.
1140 657 1221 722 Quod
1241 656 1268 711 si
1295 656 1383 713 alium
1406 654 1519 711 modum
1547 656 1629 713 nosti
1665 658 1816 729 explicam

177 754 216 811 lis
234 755 362 809 naturam
382 746 565 818 nonsullioit,
588 750 621 801 ut
639 746 677 801 sit
695 745 853 817 dependens
876 744 973 801 asub-
994 792 997 797 .
1015 745 1287 815 inhaerentiam,
1319 744 1392 799 buno
1415 758 1546 816 suggere,
1573 758 1709 819 qmrso,
1738 746 1818 801 aben

178 840 290 913 stantia,
297 852 361 892 uam
372 834 688 907 substarrtiaeomposita
698 833 835 906 dependet
845 832 973 904 asimpli·
1015 832 1091 889 eninr
1111 850 1156 889 res
1177 831 1316 906 pendebit
1360 831 1441 897 Quod
1455 832 1480 887 si
1494 832 1553 887 lieri
1568 848 1633 887 non
1649 838 1765 907 potest,
1782 852 1817 889 re

177 928 267 999 eibos,
283 941 331 981 seu
342 922 519 996 monadibus,
536 922 585 977 sed
595 922 749 979 addendum
759 926 810 993 est,
821 920 974 991 dependere
1015 920 1130 977 rendum
1154 926 1210 992 est,
1237 937 1273 975 ne
1297 920 1451 976 assidentia
1475 920 1563 975 realia
1590 922 1767 977 tonsurari
1786 923 1818 977 de

178 1013 357 1075 insubstantia
367 1008 636 1082 unquansnbjato,
648 1008 973 1081 etquidemsnbjeetonl·
992 1006 995 1039 ¹
1014 1009 1117 1082 nendo,
1143 1024 1241 1065 revera
1260 1009 1429 1063 conservetis
1448 1008 1661 1079 antistantiarn,
1690 1014 1724 1065 et
1738 1010 1820 1067 itare

178 1106 266 1175 timo;
281 1116 348 1157 nam
365 1101 458 1171 potest
469 1097 592 1153 assidens
606 1112 667 1153 essa
679 1098 791 1154 allectio
805 1096 919 1153 alterins
928 1110 973 1153 ao·
1015 1112 1080 1153 vera
1095 1100 1155 1153 tota
1169 1095 1320 1152 subeuntia
1333 1111 1390 1153 non
1404 1100 1619 1153 transmutetur.
1645 1096 1737 1155 Unde
1748 1100 1821 1155 et'nn

178 1190 311 1262 sidentis,
333 1203 360 1243 v.
374 1202 400 1257 g.
416 1186 577 1258 magnitudo
589 1185 703 1256 raloris,
717 1202 765 1241 seu
779 1184 914 1257 impetus:
933 1184 974 1241 ita
1014 1186 1112 1241 Graeei
1131 1184 1260 1257 qnidam,
1280 1183 1306 1241 si
1325 1184 1397 1241 bere
1409 1184 1539 1257 memini,
1559 1184 1735 1243 seeidrmtia
1749 1188 1822 1245 reale

179 1285 214 1338 ut
233 1280 355 1350 impetus
372 1275 409 1329 sit
427 1272 595 1345 subjeetum,
621 1277 651 1327 et
669 1271 831 1343 magnitudo
856 1272 883 1328 ei
908 1271 974 1327 insit
1014 1272 1172 1329 conservari
1186 1275 1300 1345 negant,
1314 1272 1381 1345 qnia
1393 1276 1539 1345 verentur,
1555 1288 1596 1329 ne
1611 1275 1704 1331 simrnl
1721 1290 1821 1333 muser-

179 1373 312 1439 tanquam
325 1363 492 1419 abstractum
507 1360 671 1434 praedicati,
691 1376 755 1416 eum
775 1360 894 1433 impetus
908 1359 974 1416 diei·
1015 1368 1095 1418 retur
1107 1366 1221 1433 natura,
1240 1364 1270 1417 et
1283 1360 1442 1417 substenta.

181 1461 228 1513 tur
241 1453 299 1509 riori
314 1466 429 1521 magnus
443 1451 487 1506 vel
506 1453 607 1505 tantus
651 1448 704 1503 Sed
718 1450 808 1523 mlor,
828 1449 873 1504 vel
888 1448 974 1521 impe
1060 1450 1112 1507 Ais
1136 1448 1237 1521 videri,
1263 1464 1313 1503 ens
1332 1446 1454 1503 medium
1474 1436 1543 1503 dari¹
1558 1464 1654 1521 posse
1674 1450 1755 1507 inter
1768 1452 1823 1509 snb

180 1548 227 1600 tus
245 1546 288 1597 est
315 1538 344 1596 in
363 1554 478 1610 corpore
499 1542 632 1608 tanquam
650 1536 680 1591 in
701 1536 839 1607 subjecto,
863 1543 893 1592 et
910 1536 974 1591 ulti·
995 1564 998 1575 ·
1016 1537 1149 1593 rmntiam
1163 1540 1193 1592 ot
1207 1535 1447 1592 morlilrrutionem.
1493 1536 1555 1605 nno
1570 1552 1650 1593 vero
1665 1546 1781 1611 putem,
1799 1540 1822 1595 il

181 1646 258 1688 mum
278 1626 432 1696 subjeetum
452 1641 560 1698 semper
574 1628 618 1679 est
631 1624 794 1681 substantia.
838 1623 875 1681 nt
893 1639 976 1682 omne
995 1588 999 1685 l
1017 1624 1207 1681 metbnmesse
1219 1624 1311 1697 ipsum
1325 1639 1410 1680 unum
1422 1624 1768 1701 persesnbstantialum‚
1783 1646 1822 1685 sen

180 1718 307 1777 assidens
326 1720 370 1772 est
388 1715 557 1771 abstractum
571 1712 724 1786 quoddam,
745 1711 805 1767 sola
826 1727 892 1767 vero
911 1710 975 1766 snb·
1016 1709 1202 1770 substantiam
1214 1712 1411 1785 compositam,
1435 1727 1469 1767 ea
1487 1712 1569 1767 euim·
1580 1714 1687 1771 media
1700 1722 1745 1771 est
1759 1718 1822 1775 inter

181 1806 284 1865 stantia
297 1792 340 1860 est
353 1808 523 1858 concretum:
539 1805 568 1856 et
582 1801 646 1857 lieet
655 1800 807 1857 accidentia
817 1802 901 1855 etiam
912 1815 976 1873 pos·
996 1853 1000 1869 ς
1017 1801 1200 1858 mirstantiam
1215 1800 1376 1873 simplieem,
1391 1814 1462 1872 quas
1476 1800 1636 1873 praeeipue
1646 1818 1756 1861 mmen
1766 1806 1821 1861 sni-

182 1896 240 1952 sint
253 1892 355 1949 habere
371 1890 528 1962 praedicata
541 1893 677 1961 concreta,
692 1889 767 1944 velut
781 1902 843 1943 enm
858 1886 976 1959 impetus
1015 1888 1133 1946 stantiae
1153 1892 1289 1961 meretur,
1316 1892 1346 1944 et
1370 1886 1621 1943 modiieationem.
1669 1892 1823 1949 Subsmrtn

182 1983 283 2041 elicitur
298 1994 430 2050 inagnus,
451 1978 567 2049 ipsamet
582 1980 675 2031 temen
687 1980 813 2033 eonereta
827 1990 885 2031 non
900 1979 975 2048 sunt,
1016 1978 1136 2050 simplex
1148 1982 1190 2032 est
1204 1980 1352 2049 perpetuaq
1373 1975 1589 2031 substantiatum
1613 1980 1699 2037 nasei
1719 1986 1749 2037 et
1761 1982 1822 2037 inte·

184 2069 234 2127 sad
248 2068 386 2124 abstracta
407 2080 424 2120 a
439 2063 605 2137 praedieatis
619 2062 844 2139 substantiarum.
1018 2066 1073 2122 rire
1086 2068 1186 2139 potest,
1202 2067 1232 2118 et
1246 2063 1362 2125 mutaris
1376 2062 1501 2119 aesidens
1514 2069 1558 2120 est
1572 2063 1622 2137 id,
1646 2068 1727 2140 quod
1742 2070 1821 2125 mser

226 2158 312 2213 Porro
331 2153 510 2210 substantiam
525 2152 720 2226 compositam,
742 2168 789 2207 seu
810 2168 868 2207 rem
888 2151 974 2222 illam,
1017 2160 1063 2210 tur
1088 2157 1137 2208 aut
1161 2152 1263 2207 desinit
1287 2151 1440 2208 substantia
1459 2154 1582 2225 mutata,
1613 2155 1669 2211 sed
1691 2168 1821 2213 maneum

181 2258 253 2319 quae
271 2236 490 2299 restituerem
504 2238 668 2313 monadum,
683 2256 746 2297 eum
766 2254 823 2295 non
841 2239 879 2295 sit
899 2254 976 2295 mem
996 2270 1000 2359 ἱ
1017 2242 1162 2299 Caeterum
1181 2239 1307 2297 accidens
1327 2254 1385 2296 non
1403 2245 1446 2295 est
1458 2254 1549 2313 rapax
1562 2256 1666 2299 novae
1688 2246 1822 2303 moditia

1017 2329 1110 2403 tionis,
1126 2343 1178 2401 per
1190 2345 1220 2383 se
1232 2328 1344 2399 seilicet,
1359 2326 1407 2383 sed
1418 2332 1525 2383 tantum
1536 2344 1591 2401 per
1600 2331 1747 2407 naidas,
1761 2350 1824 2407 qun-

182 2426 272 2491 stens,
287 2424 418 2489 tanquam
432 2415 575 2489 subjeetis,
591 2408 779 2489 (nequeenim
793 2414 875 2469 simul
890 2414 976 2486 pluri·
997 2406 1097 2475 'tenus
1121 2418 1195 2472 inest
1219 2416 1389 2473 substantiae
1413 2430 1462 2487 per
1482 2415 1539 2471 alis
1559 2418 1653 2475 mam
1673 2422 1824 2483 sedekntis

181 2510 235 2567 bus
248 2506 378 2576 subjectis
399 2505 489 2561 inesse
502 2503 598 2561 mdem
613 2503 779 2560 modificatio
793 2495 906 2577 posset)
922 2506 977 2558 sta·
1017 2504 1203 2573 meditantes,
1219 2518 1246 2557 v.
1261 2522 1286 2576 g.
1301 2504 1436 2576 Impetus,
1457 2504 1501 2559 rel
1520 2506 1602 2563 ealor
1623 2507 1706 2565 idem
1722 2511 1752 2567 in
1766 2527 1824 2567 eor·

182 2601 287 2653 luerem
307 2593 459 2667 dependere
477 2609 495 2648 a
509 2590 687 2661 monadibus3
710 2607 767 2646 non
793 2588 974 2663 impendentia
994 2604 999 2657 ,ι
1019 2608 1086 2665 pore
1103 2592 1144 2666 A,
1170 2606 1243 2647 nuno
1256 2597 1298 2648 est
1311 2606 1440 2665 praesens
1452 2594 1566 2664 eorpori
1579 2594 1620 2666 B,
1648 2613 1725 2654 num
1738 2600 1777 2654 at)
1789 2616 1823 2655 ω

159 2680 164 2691 ’
182 2685 285 2757 logica,
308 2675 368 2756 (ita
381 2680 500 2753 seilioet,
520 2684 551 2735 ut
566 2695 615 2735 nee
629 2679 873 2752 supernaturaliter
886 2678 923 2734 ab
937 2678 972 2733 iis
993 2662 997 2721 Ι
1016 2681 1151 2740 remotius
1164 2680 1203 2736 ob
1217 2681 1416 2752 promentium,
1436 2679 1480 2735 vel
1493 2682 1685 2741 remotionem
1697 2688 1822 2761 eorporis

181 2331 350 2390 modifieatio
375 2328 539 2400 monadum,
565 2344 615 2384 neo
640 2327 772 2401 quiddam
792 2328 821 2382 in
841 2325 897 2383 illis
916 2326 975 2383 exi-

183 2770 306 2843 ssparari
325 2769 447 2842 possit),
473 2766 522 2822 sed
541 2771 649 2823 tanturn
669 2768 803 2840 naturali,
824 2781 923 2839 nempe
941 2771 973 2821 ut
992 2788 995 2841 ξ
1014 2772 1058 2843 Ας
1071 2770 1120 2825 md
1133 2766 1208 2824 idern
1222 2768 1342 2839 impetus
1356 2782 1413 2822 non
1427 2772 1594 2839 potestesse
1605 2772 1707 2845 maior,
1721 2780 1753 2829 et
1768 2776 1821 2831 mi·

182 2859 277 2931 exigat
289 2857 338 2912 illa
353 2855 446 2912 venire
459 2857 490 2911 in
504 2854 687 2911 substantiam
700 2854 897 2927 mmpositam,
918 2853 972 2909 nisi
993 2898 996 2911 .
1015 2875 1083 2930 nor,
1110 2856 1231 2913 nmnenti
1252 2854 1327 2910 euim
1353 2854 1440 2928 priori
1460 2857 1565 2914 minori
1585 2861 1699 2915 mir
1722 2878 1820 2919 noem

182 2946 257 3001 Deus
275 2944 357 3000 aliter
374 2943 455 3013 velit3
480 2957 546 2997 nam
565 2946 657 3014 potest
676 2943 750 2997 Dens
769 2942 885 2997 eandem
911 2940 973 2996 aliis
993 2924 996 2966 ¹
1015 2944 1132 3019 gradus,
1152 2950 1181 3001 et
1199 2942 1295 2999 totalis
1309 2958 1425 3015 sequens
1438 2948 1480 2999 est
1493 2946 1597 3003 aliun
1609 2948 1690 3003 totali
1703 2964 1818 3021 praeae-

181 3031 347 3089 monadibus
361 3030 486 3087 uniendis
499 3030 651 3103 applicare,
671 3028 711 3085 ita
731 3034 761 3085 ut
775 3030 880 3101 priores
894 3029 973 3083 unire
994 3034 1106 3089 talento.
1150 3032 1283 3089 Similiter
1303 3031 1376 3087 idem
1396 3030 1520 3104 impetus
1540 3049 1598 3089 non
1619 3042 1713 3107 potest
1734 3038 1814 3109 dirigi

182 3120 304 3190 desinat,
323 3122 415 3191 potest
428 3119 511 3173 etiarn
526 3118 616 3188 ipsam
630 3118 710 3187 plano
724 3116 835 3178 tollere,
848 3120 877 3169 et
889 3114 973 3170 aliam
995 3124 998 3151 ¹
1016 3136 1090 3178 nunc
1104 3121 1133 3176 in
1147 3123 1225 3191 liam,
1240 3134 1314 3174 nulio
1328 3120 1357 3175 in
1372 3118 1450 3175 illam
1464 3121 1584 3193 plagam,
1598 3124 1650 3179 sod
1667 3141 1758 3181 novus
1769 3126 1814 3181 inr-

181 3206 251 3263 alias
265 3206 398 3263 monades
411 3205 551 3260 unientem
564 3204 626 3260 huie
640 3202 818 3273 substituere,
832 3202 915 3273 idque
930 3203 974 3259 vel
1015 3214 1096 3281 petus
1110 3208 1195 3265 aliam
1209 3208 1314 3265 habeus
1328 3207 1516 3280 directionem,
1530 3210 1619 3281 priori
1635 3212 1761 3282 additus,
1776 3215 1811 3269 ta·

181 3295 222 3372 ita
242 3300 273 3351 nt
293 3294 361 3349 elias
373 3291 505 3348 monades
518 3292 596 3347 unire
611 3289 731 3362 desinat,
751 3294 779 3346 et
794 3291 974 3347 tmnsleratur
996 3298 1053 3354 *eit
1078 3312 1180 3353 nomm
1204 3294 1382 3351 directionem
1402 3296 1527 3369 totalem,
1553 3298 1673 3368 partiali
1703 3308 1814 3373 utraque

181 3382 218 3440 de
238 3380 404 3439 monadibus
422 3381 450 3436 in
472 3378 618 3450 monades,
638 3378 682 3434 vel
701 3378 741 3434 ita
755 3383 785 3435 ut
800 3394 863 3435 suaa
878 3394 974 3435 mona·
994 3374 998 3445 l
1016 3390 1152 3441 manente.
1196 3381 1303 3439 'l'otalis
1317 3388 1411 3438 antem
1426 3385 1539 3456 impetus
1551 3384 1641 3441 etiam
1658 3387 1725 3460 ipse
1739 3390 1813 3445 alteri

180 3470 242 3543 des,
258 3484 325 3543 quas
339 3467 501 3525 naturaiiter
511 3469 582 3540 unit,
595 3467 726 3539 retineat,
753 3482 826 3523 nuno
845 3484 912 3524 vero
927 3483 972 3523 su·
1018 3472 1186 3543 compositus
1201 3486 1303 3528 novum
1318 3472 1432 3526 totalem
1448 3470 1526 3544 parit.

181 3556 394 3633 pernatnraliter
414 3556 490 3612 uniat
508 3558 592 3611 etiam
607 3568 703 3611 novas.
749 3555 785 3610 m
799 3556 851 3611 hoo
865 3555 973 3611 videtur
994 3570 997 3577 ·
1059 3560 1110 3616 llis
1121 3560 1226 3633 positis,
1235 3558 1681 3633 putern'l'ranssubstantiationom
1693 3570 1813 3621 reseram

180 3645 327 3703 moundnm
355 3648 460 3699 vestros
484 3643 629 3700 dioendum
653 3642 689 3697 de
714 3644 868 3699 mutatione
888 3644 972 3699 totius
994 3648 1145 3727 {explicari
1159 3664 1255 3719 posse,
1278 3650 1392 3703 retentis
1406 3648 1585 3719 inonsdibus,
1610 3648 1705 3721 (quod
1720 3654 1814 3726 magis

180 3733 351 3791 substantiae
364 3733 488 3803 eoqroris
507 3732 537 3787 in
558 3734 644 3787 totam
665 3729 847 3787 substantiam
861 3731 974 3787 alterius
994 3732 998 3749 '
1015 3736 1131 3806 rationi,
1152 3742 1180 3791 ot
1205 3735 1297 3791 orilini
1312 3734 1440 3791 Universi
1459 3740 1673 3792 consentaneum
1686 3738 1811 3816 ridetur)

176 3820 314 3894 'eorporis
322 3820 396 3892 quod
403 3824 496 3876 tamen
503 3834 582 3878 snam
589 3819 708 3891 priorem
715 3824 842 3875 naturam
848 3818 971 3874 retineat.
994 3826 998 3855 ¹
1014 3823 1064 3880 sed
1084 3823 1193 3879 vinculo
1211 3823 1385 3881 substantiali
1404 3824 1529 3895 eorporis
1542 3822 1645 3879 (liridi
1665 3826 1703 3881 sd
1717 3842 1811 3884 mona·

224 3908 374 3964 veniamus
393 3906 455 3977 jam
474 3907 511 3963 ad
531 3906 683 3963 arridentia
703 3906 801 3977 realia,
828 3922 897 3978 qnae
911 3907 973 3962 hnic
995 3942 998 3953 ·
1015 3913 1064 3968 des
1076 3911 1165 3985 panis,
1181 3916 1210 3967 et
1223 3912 1280 3967 vini
1291 3911 1509 3967 substantialiter
1518 3912 1684 3969 uniendas
1695 3916 1809 3972 Deosd

181 3996 224 4053 rai
244 3996 366 4051 unitivas
380 3995 502 4067 inerant,
529 3998 660 4067 tanquam
679 3992 814 4062 subjecto.
859 3994 895 4049 m
907 4010 972 4051 oon·
994 4016 997 4033 ·
1015 3999 1119 4068 lribito;
1134 3999 1272 4055 destructo
1287 4004 1379 4055 autem
1393 4000 1486 4071 priore
1500 4001 1611 4057 vineole
1625 4002 1808 4073 substantiali,

180 4082 288 4153 venies,
310 4082 423 4155 opinor,
443 4082 578 4155 quaedam
598 4099 658 4138 esse
672 4097 729 4137 uon
744 4080 797 4137 nisi
811 4079 872 4150 ejus
886 4084 974 4137 modi·
992 4080 996 4137 Ξ
1014 4091 1044 4143 st
1057 4102 1120 4143 eum
1133 4104 1168 4143 eo
1180 4088 1268 4159 ipsius
1278 4086 1536 4158 modilieationibus,
1552 4104 1602 4145 seu
1615 4090 1807 4149 assidentibus.

180 4170 336 4242 tlmtiones,
349 4185 421 4241 quae
435 4169 549 4242 proinde
562 4186 624 4227 enm
638 4171 698 4242 ipsa
712 4169 819 4225 sublata
834 4170 973 4226 tollentur.
992 4156 996 4215 Ι
1016 4174 1058 4230 lta
1069 4177 1128 4233 sola
1143 4180 1301 4248 superarunt
1313 4176 1504 4246 phaenomena
1518 4176 1673 4233 monadum
1688 4180 1773 4253 panis,
1782 4184 1807 4235 et

180 4256 233 4313 Sed
252 4258 410 4331 quaeritur,
430 4272 466 4311 an
493 4272 549 4315 non
573 4260 630 4314 sint
655 4256 805 4313 assidentia
829 4258 973 4331 quaedam,
993 4280 996 4329 ι
1016 4262 1086 4335 vini,
1101 4265 1278 4335 quantulum
1293 4263 1416 4334 fluissent,
1432 4264 1457 4319 si
1471 4264 1580 4321 nullum
1596 4266 1737 4325 virronlnnr
1750 4268 1808 4323 snb

180 4360 253 4418 quae
267 4345 322 4400 siut
336 4346 491 4418 plusquam
511 4346 734 4401 modificationes.
779 4344 913 4400 Videntur
925 4362 973 4401 au·
994 4364 997 4415 ι
1015 4351 1143 4407 stantinle
1163 4352 1259 4407 borum
1280 4352 1446 4407 monadibus
1470 4368 1488 4408 a
1510 4354 1571 4409 Deo
1596 4353 1726 4411 additum
1750 4358 1807 4413 luia

180 4436 238 4488 tem
265 4432 332 4489 haee
350 4449 412 4489 esse
429 4434 510 4506 plane
529 4436 679 4506 superflua,
703 4436 731 4487 et
757 4431 886 4503 quiequid
906 4432 974 4504 ipsis
994 4440 998 4517 ξ
1015 4442 1067 4494 set.
1112 4438 1172 4493 Etsi
1199 4443 1295 4495 autem
1315 4440 1412 4513 panis,
1433 4440 1477 4495 vel
1502 4440 1600 4497 vinum
1619 4458 1680 4499 aron
1700 4444 1807 4501 sitsub

177 4524 289 4594 praeter
302 4520 536 4577 modificationem
550 4521 629 4593 inest,
643 4520 754 4575 videtur
766 4519 902 4591 adipeam
913 4536 973 4592 per·
994 4526 1176 4603 [stantieturn
1201 4527 1369 4583 constituens
1386 4542 1472 4583 nuum
1494 4544 1543 4600 per
1557 4542 1602 4599 set
1631 4548 1685 4589 noo
1699 4532 1808 4605 proinde

180 4606 270 4664 tinere
295 4624 355 4665 rem
376 4608 594 4664 substantialem.
644 4606 701 4663 Neo
725 4606 806 4663 rideo
832 4608 971 4679 quomodo
1014 4612 1191 4669 nnovineulo
1204 4613 1377 4670 substantiali
1391 4620 1585 4689 munerator,
1598 4624 1644 4677 est
1659 4626 1753 4677 tanim
1766 4634 1810 4689 ag·

55 4750 62 4763 ,
177 4696 315 4768 possimus
338 4695 507 4752 abstrnotum
532 4696 697 4769 distinguere
716 4710 735 4749 a
754 4700 897 4766 uenerem,
922 4712 971 4751 sen
994 4701 997 4745 l
1013 4705 1155 4768 gregalem
1164 4716 1200 4755 ex
1210 4701 1374 4773 corporibus
1384 4703 1528 4775 organicis,
1544 4720 1596 4761 sen
1607 4708 1809 4781 substantiatis,

177 4782 301 4851 snbjmto
316 4782 358 4837 eui
374 4783 458 4856 inest,
469 4788 519 4838 aut
532 4782 670 4856 explicare
682 4782 891 4854 intelligibiliter
904 4782 970 4853 quid
993 4770 997 4835 l
1012 4788 1241 4843 constituentibus
1259 4804 1345 4844 unum
1365 4806 1414 4861 per
1426 4806 1471 4861 seq
1484 4806 1607 4862 quorum
1623 4796 1729 4851 vincula
1742 4796 1809 4851 sub-

176 4868 214 4925 sit
233 4856 270 4922 r‹'›
284 4870 373 4924 inesse
394 4872 436 4927 rel
459 4870 598 4926 inhaerere
618 4869 757 4942 subjecto,
782 4869 836 4925 nisi
847 4870 970 4926 eonslne·
994 4862 996 4869 ’
1011 4874 1151 4930 stantialia
1166 4870 1340 4947 tollerentur,
1355 4882 1384 4932 et
1403 4894 1422 4932 a
1436 4877 1546 4935 rineulo
1560 4880 1735 4939 substantiali
1749 4900 1810 4941 oor·

176 4958 265 5013 rando
286 4958 425 5013 inhaerens
447 4961 478 5013 nt
498 4958 625 5027 modum,
645 4974 694 5013 sou
716 4962 817 5013 statum
838 4956 970 5031 subjecti,
1012 4962 1087 5034 poris
1101 4962 1201 5019 Christi
1216 4964 1417 5035 supplerentur.
1460 4966 1530 5021 Cum
1550 4966 1658 5027 dieitur
1676 4972 1741 5027 boo
1759 4980 1810 5027 est

175 5044 224 5113 qni
245 5044 290 5099 rel
304 5044 460 5100 essentialis
472 5048 529 5115 est,
551 5061 600 5101 neo
614 5044 666 5099 nisi
683 5050 790 5101 mutata
802 5044 971 5101 substantiae
1010 5064 1152 5121 eorpus,
1169 5054 1233 5105 tuno
1246 5050 1376 5106 admissis
1392 5052 1553 5109 substantiis
1566 5058 1743 5131 compostis,
1758 5076 1811 5115 nou

174 5134 274 5187 natura
287 5132 388 5189 mutari
402 5136 502 5207 potest,
516 5146 566 5187 nee
580 5146 677 5189 revera
691 5132 727 5189 ab
738 5148 772 5188 ea
783 5131 836 5190 nisi
847 5138 970 5207 inspectu
990 5170 992 5175 -
1009 5136 1142 5193 monades
1151 5136 1389 5212 designantur,vol
1401 5156 1453 5217 per
1466 5140 1544 5215 boe,
1558 5142 1605 5199 rel
1618 5162 1812 5223 percorpus
