3706 5828
398 332 543 408 namu.
574 348 636 407 ao.
652 349 684 408 r.
705 347 774 407 ons
802 347 928 408 nosses
950 345 1161 408 erumnas.
1185 346 1264 406 xvr.
1279 352 1309 406 a
1322 348 1414 411 xvh.
1638 346 1704 417 667

75 495 132 551 riae
146 490 247 549 actuali
267 490 298 547 in
318 494 411 564 partes
425 489 557 548 infinitas.
600 486 655 545 Sed
670 489 744 546 idem
757 488 890 546 ulimrde·
1130 487 1350 547 EPISTOLA
1393 490 1485 548 xvh.

73 580 261 653 ⁰⁰¹¹⁸⁶q¹²¹¹⁰¹t
281 594 381 652 ”emm
395 594 433 634 ⁰³
447 583 546 679 {mum
560 584 652 635 ¹¹¹⁰m⁸
666 579 823 679 fluid⁰fff¹¹¹t
834 582 867 678 ‚et
952 608 1192 667 Reverendissime
1211 617 1305 686 pater,
1328 613 1419 669 fautor
1441 614 1659 676 honoratissime.

73 687 109 726 ex
122 685 157 725 eo
170 668 243 740 quod
254 684 370 741 corpora
383 683 477 723 omma
488 681 585 740 parum
598 667 701 723 babent
711 667 865 723 tiurdrtatrs.

116 755 454 828 lncompreheusibihmtis
486 754 649 811 attributum
681 755 789 810 utinam
813 753 864 810 soli
954 750 1067 807 Gratias
1098 766 1151 823 ago
1183 752 1337 825 nranimas,
1369 752 1444 824 quod
1468 756 1569 811 curasti
1594 757 1702 816 litteras

71 846 133 903 Deo
159 844 302 918 proprium
326 844 408 899 esset!
432 841 523 910 major
542 842 623 898 nobis
643 860 706 916 spes
725 848 797 898 esset
816 857 866 897 no·
887 884 890 913 ,
908 853 999 910 meas,
1020 839 1096 910 quod
1116 839 1267 912 Epistolam
1287 844 1394 896 sextam
1415 842 1526 898 Laruii
1546 846 1620 917 apud
1640 847 1701 902 'lhi-

72 933 189 990 scendae
203 937 332 1004 naturao3
352 928 401 987 sed
420 930 503 986 nimis
523 946 618 987 verum
632 937 675 987 est
689 931 792 986 nullam
807 945 866 985 csse
886 916 890 963 ¹
909 926 1058 981 valdenses
1079 925 1182 982 editam
1197 944 1304 985 mecum
1318 930 1518 1003 communicas,
1538 934 1612 1004 quod
1627 951 1702 1005 cgra-

70 1026 178 1095 partem
197 1027 322 1092 naturae,
343 1018 414 1091 qnae
428 1018 547 1091 perfecte
560 1019 755 1090 corupreheudi
770 1018 865 1091 possit,
909 1014 961 1087 giis
988 1014 1055 1070 viris
1076 1015 1301 1089 Ptolomaeo,
1328 1022 1362 1073 ot
1387 1017 1606 1077 Turnaurino
1626 1026 1702 1079 tenta

71 1111 152 1180 idque
168 1110 226 1181 ipsa
239 1123 332 1163 rarum
346 1087 555 1176 xeprxolpqorc
569 1108 676 1179 probat.
720 1107 802 1162 Nulla
816 1121 865 1161 na-
883 1130 887 1155 :
909 1103 986 1158 ruina
1000 1118 1063 1158 mea
1077 1101 1213 1177 destinas,
1229 1104 1304 1175 quod
1318 1104 1539 1180 Turuamini,
1556 1114 1584 1164 et
1599 1110 1700 1166 Hart-

72 1204 135 1254 tura
159 1196 334 1268 quantumuis
360 1194 477 1266 nobilis,
504 1194 611 1251 infinita
637 1195 719 1250 simul
739 1180 886 1273 distinete}
908 1190 1050 1246 sockeri
1078 1191 1184 1246 litteras
1194 1192 1290 1247 mittis.
1325 1192 1440 1265 Utrique
1451 1196 1611 1271 respondeo,
1629 1202 1658 1256 et
1669 1204 1700 1256 ut

70 1285 224 1359 percipere,
257 1300 306 1340 sen
331 1281 559 1355 comprehendere
583 1287 691 1354 potest3
719 1281 785 1354 quin
806 1281 864 1339 imo
882 1280 885 1343 i
906 1278 1112 1351 responsionem
1143 1296 1221 1335 cures
1246 1296 1322 1349 rogo.
1367 1281 1462 1353 Neque
1485 1282 1622 1357 ingratum
1647 1293 1699 1363 est,

71 1373 120 1445 qni
145 1373 189 1428 vcl
213 1387 298 1428 unam
322 1375 430 1445 partem
456 1370 588 1426 materiae
613 1369 863 1444 comprehenderet,
882 1374 885 1409 t
906 1366 981 1438 quod
996 1368 1272 1423 controversiaecum
1287 1368 1313 1422 H
1320 1369 1528 1428 artsoekcro
1543 1389 1620 1429 meae
1634 1391 1698 1449 par·

69 1462 143 1517 idem
169 1459 409 1531 comprehenderet
434 1464 524 1515 totum
548 1458 712 1515 Universum
737 1457 775 1514 ob
800 1473 864 1514 ean·
906 1454 1018 1527 ticipem
1049 1454 1302 1511 Turnaminum
1333 1457 1408 1513 tacis.
1454 1459 1523 1514 Ecce
1544 1460 1606 1529 jam
1632 1464 1698 1536 quid

71 1549 135 1605 deur
149 1530 363 1619 περιχῶρησιν
377 1556 461 1621 quam
475 1546 543 1602 dixi.
566 1544 632 1602 Mea
646 1546 782 1621 principia
796 1546 862 1600 talia
904 1541 1049 1611 replicem:
1064 1557 1129 1596 nam
1140 1543 1344 1616 responsionem
1358 1545 1599 1621 Hartsoekeri,
1616 1567 1699 1624 quam

68 1641 147 1709 sunt,
174 1641 205 1692 ut
230 1635 280 1690 rix
304 1652 371 1691 ase
395 1635 515 1691 invicem
535 1633 628 1688 divelli
648 1633 762 1706 possint.
807 1631 861 1698 Qui
905 1627 1014 1700 misisti,
1029 1627 1081 1684 tibi
1096 1628 1196 1686 lectam
1210 1637 1293 1704 puto3
1306 1634 1349 1689 sin
1363 1634 1462 1711 minus,
1478 1637 1700 1711 autsiipsenon

66 1740 153 1781 unum
168 1723 238 1780 bene
251 1724 343 1792 norit,
359 1721 453 1777 omnia
468 1721 554 1777 novit.
904 1715 998 1786 mittit,
1013 1718 1229 1776 communicabo.

110 1811 249 1876 Quasdam
264 1809 432 1877 objectiones
451 1808 514 1864 Duo
533 1806 790 1882 Hartsoekero,
816 1822 862 1863 ro-
947 1803 1416 1879 Nuncadtnasquaestionesvenio.
1441 1809 1618 1887 Etprimum,
1635 1831 1697 1872 cnm

67 1903 158 1973 gatus,
173 1898 241 1954 olim
257 1897 329 1952 misi.
375 1897 432 1952 Eae
446 1905 553 1969 purtem
568 1897 644 1952 illam
661 1896 778 1969 iaciunt,
799 1895 860 1966 qni·
882 1958 885 1967 ¹
905 1891 1076 1948 Enteleobiao
1096 1899 1300 1965 repraesentent
1321 1897 1454 1953 materiae
1473 1902 1618 1973 organicae
1632 1921 1697 1960 eon·

67 1987 120 2043 bus
134 1990 164 2044 in
178 1985 235 2041 suis
253 1984 481 2041 declarationibus
502 1979 859 2060 (Eclaircisscmens)
882 1970 886 2021 Ι
903 1980 1092 2053 stitutionem,
1108 1985 1214 2039 tautam
1230 1984 1257 2039 in
1274 1984 1340 2056 ipsis
1355 1986 1515 2042 varietatem
1530 2006 1640 2047 necesso
1655 1997 1698 2050 est

67 2073 224 2146 respoudit,
248 2072 296 2129 sed
311 2073 424 2128 nomine
440 2088 502 2128 meo
516 2089 574 2128 non
588 2072 706 2145 adjecto,
722 2070 796 2143 quod
811 2086 861 2127 nec
882 2034 885 2127 l
902 2085 977 2141 esse,
991 2072 1122 2139 quantam
1137 2070 1167 2126 in
1182 2071 1242 2144 ipsa
1257 2072 1370 2128 materia
1385 2075 1564 2151 percipimus,
1577 2095 1628 2135 nec
1643 2097 1698 2137 una

65 2160 264 2218 desiderabam.
310 2160 349 2217 At
373 2177 459 2233 nuper
484 2161 513 2216 in
538 2161 623 2218 aliam
643 2160 861 2218 controversiam
904 2157 1061 2212 Entelechia
1080 2157 1160 2213 alteri
1185 2161 1304 2231 perlecto
1329 2161 1426 2216 siurilis
1453 2180 1513 2219 esse
1539 2171 1642 2239 potest:
1669 2173 1698 2225 et

65 2249 199 2324 implicati
228 2249 338 2307 fuimns.
383 2248 484 2303 Statuit
507 2249 569 2321 ille,
595 2249 665 2304 duas
684 2265 744 2305 esse
769 2252 861 2321 partes
903 2245 1060 2300 Euteloclria
1079 2245 1138 2315 agit
1153 2247 1181 2301 in
1196 2249 1311 2303 matoria
1325 2249 1472 2306 secundum
1487 2253 1572 2325 ipsius
1586 2257 1697 2330 exigen-

65 2338 212 2409 materiac,
240 2350 323 2391 unum
343 2338 490 2392 conflatam
510 2352 547 2391 ex
565 2337 666 2392 atomis
680 2339 798 2410 perfecte
813 2335 861 2392 du·
904 2334 981 2405 tiam,
997 2332 1038 2388 ita
1051 2335 1083 2387 nt
1103 2337 1191 2390 status
1212 2336 1343 2392 materian
1357 2354 1446 2393 novus
1472 2340 1510 2395 sit
1529 2357 1697 2415 consequens

64 2425 113 2497 ris,
129 2425 245 2480 alteram
259 2440 296 2478 ex
310 2423 395 2481 fluido
410 2425 539 2496 perlecto.
576 2425 636 2495 Ego
651 2426 796 2481 materiam
809 2439 860 2479 aua
902 2425 991 2477 status
1005 2420 1113 2495 prioris,
1128 2423 1276 2480 secundum
1287 2424 1360 2493 leges
1371 2429 1498 2499 riuturae3
1515 2428 1588 2499 leges
1603 2437 1697 2489 autem

65 2516 164 2568 nutura
178 2511 344 2567 divisibilem
358 2516 464 2585 statuo,
481 2527 530 2567 nec
542 2515 662 2587 atomos,
677 2513 729 2569 nisi
743 2529 794 2586 per
808 2512 860 2567 mi·
903 2513 1018 2564 naturae
1038 2525 1087 2581 per
1101 2510 1269 2567 Entelechias
1291 2513 1417 2569 effictum
1433 2531 1513 2571 suum
1528 2534 1696 2592 consequun-

68 2601 206 2672 raculum,
229 2598 321 2655 induci
340 2616 428 2672 pom
474 2600 649 2657 fluiditatem
663 2600 749 2657 etiam
767 2604 860 2657 statuo
903 2602 955 2652 tur.
991 2596 1045 2653 Sed
1059 2603 1088 2652 et
1102 2597 1189 2669 ipsius
1203 2600 1378 2656 Eutclcclriac
1391 2606 1477 2658 status
1492 2620 1618 2675 praesens
1632 2625 1697 2664 con·

64 2689 181 2744 transire
200 2688 230 2743 in
249 2686 382 2758 quosdam
401 2688 582 2745 connexionis
601 2688 714 2762 gradus,
736 2706 785 2763 per
800 2704 860 2744 mo·
903 2685 1026 2757 sequitur
1046 2700 1082 2740 ex
1103 2689 1176 2743 statu
1195 2686 1255 2756 ejus
1275 2688 1377 2761 priore.
1420 2691 1462 2746 De
1477 2693 1548 2748 trina
1563 2697 1698 2753 materiae

65 2780 109 2832 tus
124 2776 217 2832 varios
232 2774 260 2830 in
283 2775 412 2848 matoria,
440 2776 512 2832 inter
535 2793 566 2832 se
588 2778 792 2850 conspirantem
819 2777 859 2833 ita
902 2773 1044 2845 superlicio
1063 2772 1137 2845 quod
1156 2775 1246 2832 dicam
1267 2791 1323 2832 uon
1344 2777 1447 2850 habco;
1468 2780 1521 2835 uisi
1537 2782 1580 2837 vel
1595 2799 1695 2856 negan-

62 2865 137 2919 enim
152 2865 195 2936 lit,
223 2866 255 2919 ut
269 2864 406 2937 separatio
426 2879 482 2918 nou
505 2864 552 2919 liat
573 2864 632 2919 sine
656 2864 775 2937 quadam
801 2879 860 2921 mo·
902 2861 968 2917 dum
983 2861 1067 2916 ullam
1082 2861 1166 2919 talem
1180 2880 1239 2919 csse
1252 2866 1437 2938 superficiem,
1457 2868 1503 2923 vel
1521 2868 1557 2924 ad
1579 2872 1695 2929 miracu·

63 2956 142 3007 tuum
164 2950 385 3025 perturbatione,
405 2951 448 3006 cui
465 2951 579 3023 proinde
593 2952 736 3008 resistitur.
780 2952 859 3008 lianc
902 2951 959 3006 lum
974 2949 1201 3023 confugiendum,
1223 2967 1280 3025 quo
1299 2969 1391 3019 pressa
1405 2956 1476 3011 intra
1491 2962 1580 3014 certos
1594 2959 1696 3016 limites

62 3056 160 3095 censeo
180 3038 307 3095 nltimam
328 3039 465 3095 rationem
483 3040 655 3097 cohaesionis
680 3040 708 3095 iu
735 3040 857 3097 materia
901 3043 1063 3094 coercemur.
1075 3064 1110 3077 -·
1128 3039 1196 3095 Cum
1211 3041 1409 3117 Dusseldorpii,
1424 3043 1454 3099 ni
1468 3046 1559 3119 fallor,
1574 3047 1630 3105 sint
1644 3049 1695 3104 ali·

62 3127 135 3183 Nam
150 3128 223 3199 nnci,
238 3126 322 3198 hami,
339 3129 425 3197 tunes,
442 3125 553 3184 tabulae
566 3128 604 3185 ab
617 3132 681 3185 atine
694 3129 738 3185 vel
748 3129 859 3184 aethere
901 3126 948 3199 qui
963 3141 1000 3182 ex
1014 3124 1119 3180 tamilla
1138 3127 1173 3182 do
1195 3128 1295 3204 Spee,
1316 3130 1379 3188 binc
1398 3133 1478 3189 tacite
1490 3135 1562 3210 ,sciri
1583 3138 1694 3212 poturit,

61 3231 247 3287 compressae,
274 3214 383 3287 aliaque
397 3214 425 3270 id
439 3230 541 3288 genus,
566 3217 723 3272 tirmitatem
738 3217 857 3289 aliquam
900 3230 937 3269 an
951 3229 1007 3269 non
1026 3212 1060 3268 R.
1075 3213 1105 3269 Ρ.
1121 3215 1322 3274 Fridericns
1341 3219 1427 3293 Spee
1447 3238 1484 3278 cx
1503 3224 1601 3282 cadem
1615 3226 1696 3283 lami·
1766 3264 1771 3275 ·

56 3303 117 3371 jam
132 3308 364 3376 praesupponunt.
408 3302 466 3359 Nec
487 3308 555 3376 puto
569 3305 654 3361 aliam
668 3304 804 3360 ratione-m
819 3305 859 3361 ul·
900 3301 939 3357 lia
953 3302 1048 3374 tuerit,
1062 3305 1090 3356 ct
1105 3304 1176 3359 undo
1191 3307 1275 3362 luerit
1288 3311 1376 3364 ortus.

62 3393 159 3448 timam
180 3391 352 3448 coluesionis
371 3390 448 3447 reddi
464 3407 559 3466 posse,
579 3408 643 3449 cum
664 3392 781 3449 materia
800 3408 859 3448 non
898 3402 903 3409 ¹
944 3389 1074 3457 Peumata
1088 3397 1150 3447 sunt
1165 3394 1284 3464 quaeda
1303 3395 1410 3463 rejectis
1428 3399 1593 3470 quibusdam
1614 3400 1696 3469 ani

59 3481 111 3536 nisi
126 3478 247 3535 motibus
262 3479 364 3536 variari
378 3478 474 3551 possit.
900 3475 1134 3549 propositionibus
1148 3496 1297 3555 memoras,
1318 3499 1387 3556 quas
1402 3502 1453 3558 ego
1467 3489 1551 3543 ctiam
1566 3487 1694 3554 rejecere.
1812 3542 1816 3550 ,

104 3567 283 3624 Occasionem
297 3566 365 3622 rnibi
379 3567 492 3621 dederat
512 3566 565 3622 Du.
582 3565 857 3639 Hartsoekerns,
899 3564 958 3621 Nm
972 3564 1004 3620 P.
1018 3563 1157 3637 Spejnm
1176 3568 1302 3642 allegavi,
1317 3574 1394 3644 quasi
1409 3590 1483 3631 nora
1497 3578 1568 3630 iuter
1582 3590 1631 3629 vos
1646 3575 1695 3631 do·

59 3657 91 3709 ut
112 3654 167 3709 tale
187 3654 254 3725 quid
272 3654 298 3709 oi
318 3654 493 3709 insinuarem.
538 3653 654 3711 Videtur
673 3659 779 3710 motum
792 3670 857 3709 oon·
900 3657 1023 3723 cantem,
1050 3652 1098 3707 scd
1120 3659 1251 3727 tanquam
1271 3666 1362 3716 vestra
1377 3663 1486 3734 pulchre
1499 3663 1693 3736 explicantem.

60 3741 212 3815 spirantem
238 3756 321 3797 ame
345 3740 500 3797 adhibitum
526 3756 582 3797 non
601 3742 857 3815 satisintellexissc,
899 3740 1043 3796 Caeterum
1068 3744 1161 3798 utrum
1185 3745 1285 3817 aliquis
1305 3754 1385 3805 extra
1405 3755 1524 3807 vestram
1545 3751 1695 3809 Faclesiam

61 3832 134 3887 nude
154 3829 287 3885 nonnulla
308 3827 418 3899 objicit,
439 3829 548 3901 aliaque
562 3830 658 3903 affert,
679 3829 780 3901 quibus
794 3846 857 3903 pro·
898 3827 1060 3884 charitatem
1081 3846 1174 3887 veram
1188 3832 1291 3889 habere
1305 3837 1406 3909 pomit,
1425 3838 1490 3893 lacti
1506 3844 1546 3894 est
1560 3840 1693 3915 quaestio,
1754 3884 1763 3897 .

61 3919 145 3974 liuius
155 3917 284 3990 respondi
295 3933 378 3990 quam
390 3916 572 3973 institueram.
594 3918 766 3975 currente
777 3923 857 3975 rota
899 3917 974 3990 quod
988 3917 1120 3988 possibile
1134 3922 1330 3997 praesumitur,
1346 3925 1432 3981 ‹lonec
1446 3927 1615 3982 contrarium
1630 3945 1695 4000 pro-

60 4023 112 4081 pro
127 4022 231 4062 urceo
245 4004 379 4078 arupbora
393 4005 496 4062 exiit.
513 4004 515 4009 '
900 4006 993 4063 betur:
1013 4021 1086 4078 qnae
1098 4007 1195 4081 Speji
1209 4010 1328 4084 inedita,
1343 4017 1391 4069 aut
1406 4014 1473 4069 mihi
1487 4031 1543 4071 non
1559 4015 1618 4071 visa
1632 4033 1695 4090 spe·

103 4095 182 4150 lianc
197 4095 343 4167 epistolam
358 4095 394 4151 ad
409 4097 437 4149 te
451 4094 562 4151 mittero
576 4093 659 4166 volni,
674 4094 758 4152 ctiam
772 4094 858 4165 utju·
900 4108 962 4151 raro
972 4092 1068 4162 jubes.
1088 4112 1195 4171 semper
1209 4100 1365 4171 gratissima
1379 4107 1468 4160 crunt.
1515 4104 1650 4160 Moralem
1664 4105 1695 4161 in

58 4181 161 4238 dicium
176 4187 253 4239 tnum
267 4182 378 4240 subeat:
399 4181 468 4239 lude
481 4182 506 4239 si
520 4181 667 4256 videbitur,
683 4179 745 4240 Driu
759 4185 857 4240 Hart·
899 4181 1047 4254 Adamo,
1068 4190 1117 4241 aut
1130 4187 1187 4242 alio
1202 4204 1378 4262 quocunque,
1406 4191 1535 4263 pccoumi
1549 4194 1694 4250 necessita·

61 4270 211 4329 soekero.
229 4273 338 4329 mittere
353 4270 465 4345 poteris.
510 4269 662 4341 Adjnuctas
677 4272 808 4330 edamad
822 4272 857 4329 R.
900 4274 957 4327 tem
971 4270 1069 4343 inissa,
1090 4288 1143 4343 ogo
1156 4288 1265 4348 quoque
1280 4294 1336 4333 non
1350 4277 1483 4351 dixerim,
1505 4280 1553 4337 aad
1567 4279 1620 4337 lroc
1633 4286 1694 4337 tan·

60 4357 91 4413 P.
107 4358 280 4415 Orbanum
299 4359 430 4417 destinari
445 4363 516 4433 peto.
900 4364 972 4415 tum:
999 4362 1182 4432 praevaluisse
1201 4364 1231 4419 iu
1251 4380 1286 4419 eo
1307 4367 1512 4425 inclinationem
1532 4368 1568 4425 ad
1583 4386 1694 4443 pectan-

106 4445 230 4502 Tandcm
258 4448 406 4520 aliqnando
434 4448 594 4504 absolutum
623 4450 666 4503 est
690 4448 720 4504 in
745 4447 858 4505 Batavis
898 4447 980 4520 duan,
1002 4451 1031 4503 et
1045 4448 1116 4505 adeo
1130 4451 1451 4520 praedeterminationem
1464 4458 1585 4530 aliquam
1601 4460 1693 4532 inissa,

61 4533 224 4605 opusculum
240 4550 342 4606 meum,
355 4541 385 4592 et
398 4552 461 4591 curn
477 4552 528 4591 vos
543 4536 654 4592 Bntavis
666 4537 728 4592 sitis
743 4536 858 4594 vicimo·
899 4536 951 4592 etsi
962 4552 1016 4593 non
1023 4537 1239 4595 necessitantem.
1261 4541 1331 4599 illud
1337 4560 1466 4619 agnosco,
1477 4546 1507 4601 in
1518 4546 1577 4603 Deo
1589 4547 1694 4620 optimo

60 4639 115 4695 res,
130 4626 159 4677 et
174 4621 203 4675 in
218 4622 315 4678 crebro
325 4639 387 4679 cum
399 4623 433 4678 iis
443 4624 616 4695 commercio,
631 4624 711 4683 tacile
725 4642 774 4698 per
787 4626 857 4681 ami·
897 4623 1010 4698 agendi,
1031 4625 1062 4680 in
1080 4627 1249 4685 contumatia
1269 4631 1411 4704 spiritibus
1431 4634 1502 4691 beno
1520 4635 1619 4707 agendi
1635 4649 1694 4689 mo·

60 4726 125 4767 cum
149 4710 217 4766 inde
230 4709 344 4767 habebis
359 4710 486 4767 schedula
512 4710 549 4765 ad
563 4710 749 4783 Bibliopoiam
763 4714 856 4791 missa,
876 4772 879 4777 ,
899 4713 985 4768 ratem
1011 4728 1071 4768 csse
1095 4716 1291 4773 necessitatem.
1336 4720 1371 4776 Et
1392 4722 1422 4777 in
1435 4722 1595 4779 universum
1614 4737 1693 4777 rom·

61 4814 145 4871 quam
160 4799 204 4854 hic
218 4798 346 4869 adjungo.
390 4798 497 4854 Interea
513 4798 575 4852 vale
588 4803 617 4853 ct
631 4800 701 4856 lave.
873 4802 878 4867 l
898 4800 965 4857 bula
983 4800 1024 4856 ita
1043 4801 1219 4875 interpretari
1237 4806 1348 4880 malim,
1369 4825 1405 4865 ne
1424 4810 1490 4884 quid
1504 4813 1692 4882 consequatur,

106 4888 214 4947 Dabam
229 4889 392 4944 Hanorerae
409 4885 437 4940 l.
454 4884 589 4942 Novemb.
609 4885 701 4944 1710.
874 4886 877 4901 '
898 4888 973 4962 qnod
993 4888 1066 4945 mala
1085 4898 1174 4949 sonet.
1218 4892 1314 4969 ltaque
1328 4903 1462 4971 praestat,
1482 4912 1620 4968 nunquam
1635 4913 1693 4954 mu·

507 4972 699 5031 Deditissimns
875 4920 878 5027 l
899 4977 986 5033 ralcm
1000 4992 1147 5046 agnoscam
1160 4985 1349 5040 necessitatem
1365 4987 1418 5042 nisi
1434 4987 1468 5042 ad
1484 4988 1601 5057 bouum,
1617 4985 1692 5058 quia,

338 5062 374 5121 G.
407 5062 442 5118 G.
475 5060 696 5120 Laibuiti
712 5078 731 5121 u
745 5078 768 5120 a.
875 5032 971 5136 lquae
984 5066 1058 5122 mula
1072 5074 1145 5142 sunt,
1161 5072 1312 5144 sapientem
1327 5090 1378 5129 nec
1393 5076 1481 5131 lucere
1492 5091 1573 5146 posse
1583 5074 1693 5130 creduu-

378 5206 537 5218 ,,,,,,
875 5174 880 5214 r
900 5151 967 5210 dnm
981 5158 1031 5211 cst.
1075 5154 1186 5234 Nescio,
1197 5176 1233 5218 an
1248 5162 1329 5219 aliter
1342 5161 1491 5237 aliquando
1505 5162 1610 5221 locutus
1624 5165 1693 5236 sim3
