3706 5828
554 348 672 410 nxxrr
716 351 890 410 missum
912 352 965 410 an
987 350 1220 410 uacuaemr.
1639 330 1705 406 tut

81 490 172 563 horon,
185 488 216 546 in
230 489 318 547 altera
330 491 387 548 vita
401 506 505 564 pomae
518 497 566 549 aut
584 493 705 568 praemla
719 494 772 551 sibi
787 490 872 551 mant
890 508 897 637 ¹
913 494 1012 552 (taneto
1024 495 1109 551 etiarn
1123 493 1245 568 praemia
1258 497 1287 549 ct
1301 508 1405 567 poenae
1415 491 1506 549 locum
1520 487 1628 547 hebent.
1650 488 1704 547 lta·

80 579 118 635 ob
137 580 208 636 marc
225 580 326 654 dmm,
346 596 442 637 revera
461 580 537 638 nulla
555 587 625 638 emet
644 598 747 657 poena,
766 582 871 639 nullum
912 600 966 658 que
979 584 1105 642 Salvator
1118 584 1177 656 ipse
1189 588 1307 639 mortem
1321 597 1418 639 somno
1431 580 1608 654 comparavit.
1636 579 1704 637 Bm·

80 668 243 742 manum,
260 673 290 724 a
308 668 421 743 perne
434 671 522 744 rea,
539 670 630 744 quma
648 686 707 727 m
727 670 869 745 maen,
891 644 948 730 3ta
966 678 1059 730 auem
1077 671 1188 729 eorm
1213 670 1352 729 emera
1375 675 1404 727 et
1424 669 1496 740 Jues
1520 667 1703 742 incapacibus,

80 773 113 813 ao
125 756 150 813 si
163 772 210 815 me
222 757 346 815 mtineto
358 758 428 815 alius
441 756 546 815 ielicim
559 765 608 817 aut
622 756 757 817 infelicior
770 777 872 817 socom·
891 774 894 827 ῑ
911 778 1045 836 personae
1057 759 1241 835 eomervatio,
1260 762 1290 817 ct
1308 759 1421 816 moralis
1442 757 1635 816 immortalitas
1655 757 1704 814 tri·

79 845 169 902 sisset
197 845 294 919 ltaque
306 850 399 904 nmo
410 848 518 905 animas
531 836 642 922 quidem
655 849 685 905 lu
698 848 871 905 animalculis
913 851 961 908 bui
976 866 1032 907 nou
1046 856 1144 924 potest.

80 935 257 991 seminalibus
277 934 343 992 inde
361 936 399 992 ab
412 937 493 992 initio
506 954 598 993 remur
613 938 728 995 latentes
741 954 800 995 non
812 954 895 1019 seseq
956 940 1005 995 Vl.
1038 939 1132 1012 ltaque
1146 953 1203 994 non
1216 940 1267 1008 est,
1286 934 1360 1009 qnod
1378 934 1440 1007 quis
1453 950 1490 990 ex
1508 935 1560 991 heo
1579 933 1703 991 doctina

79 1024 245 1093 rationales,
264 1023 351 1081 ‹lonec
370 1041 419 1098 per
437 1031 599 1099 conseptum
617 1027 652 1083 ad
673 1026 759 1083 vitam
778 1028 874 1084 turua-
912 1028 1119 1101 nonaequenties
1144 1025 1310 1101 periculosas
1333 1028 1471 1080 vereatur:
1503 1039 1588 1097 quum
1612 1023 1704 1097 potius

79 1128 146 1168 nam
164 1112 349 1169 destinentur:
369 1112 419 1169 ubi
437 1131 503 1170 vero
521 1116 605 1171 sernel
624 1115 771 1172 rationales
785 1117 873 1172 iactae
891 1116 894 1125 '
912 1116 1062 1187 'theologia
1074 1115 1293 1186 naturalium,
1314 1112 1425 1170 recitati
1438 1113 1574 1169 revelatae
1588 1128 1643 1169 nou
1658 1129 1703 1169 so·

79 1207 154 1274 sunt,
169 1201 390 1259 eteonscieutiae
404 1218 437 1258 so
454 1203 592 1258 societatis
610 1205 872 1278 cumDeocapaoes
890 1264 894 1287 Ι
912 1207 971 1262 lum
984 1222 1039 1262 non
1053 1219 1221 1279 repugnans,
1242 1203 1290 1259 sed
1310 1200 1393 1258 etiam
1413 1200 1525 1258 mirilioe
1544 1203 1647 1276 terens,
1666 1217 1703 1257 cx

79 1289 211 1362 redditae,
231 1291 334 1365 sentio,
354 1306 503 1364 numquam
516 1309 562 1349 eas
575 1291 713 1365 deponere
726 1307 870 1366 personam
890 1310 893 1363 ε
912 1295 981 1350 meis
1007 1293 1148 1368 principiis
1167 1291 1349 1366 pulcherrima
1369 1289 1474 1347 ratione
1494 1290 1703 1347 demonstretur.

80 1379 149 1434 civis
158 1379 187 1435 iu
198 1378 349 1453 Republica
358 1379 420 1452 Dei,
434 1396 503 1453 quae
513 1397 599 1455 quum
605 1380 757 1449 justissime
770 1386 798 1437 et
811 1381 871 1455 pul·
910 1383 966 1449 Qui
980 1398 1046 1439 rero
1061 1382 1151 1439 brutis
1165 1381 1280 1453 animas,
1299 1378 1415 1452 aliisque
1435 1379 1566 1436 materiae
1579 1378 1703 1452 partibus
1723 1444 1729 1449 ,

80 1467 575 1543 ὼοτήιιιοωμωι,ωωηυειιεωῐ,
587 1468 871 1543 otperipsasuaturae
911 1486 1026 1530 omrem
1038 1468 1475 1545 pereeptiooemetorgauisumm
1484 1473 1594 1542 negant,
1608 1467 1704 1524 illidi-

81 1555 425 1630 leges‚obparallelismum
431 1558 507 1629 regni
518 1558 623 1630 gratiae
633 1561 789 1632 etnaturee,
801 1558 870 1615 Aui-
911 1561 1006 1617 vinam
1020 1559 1192 1630 majestatem
1205 1574 1260 1614 non
1273 1557 1341 1613 satis
1353 1561 1512 1630 agnoscunt,
1531 1556 1704 1614 iutroduoeu·

79 1660 142 1701 mae
155 1644 307 1702 viseerum
320 1646 459 1702 mtionum
472 1646 509 1704 ad
519 1646 641 1721 praemia
652 1651 681 1703 et
695 1662 797 1720 poenes
810 1646 871 1704 rad·
912 1655 954 1706 tes
966 1648 1071 1727 aliquid
1084 1648 1228 1721 indignum
1241 1647 1315 1720 Deo,
1335 1649 1364 1701 et
1377 1645 1524 1718 incultum,
1546 1662 1644 1719 nempe
1657 1661 1705 1701 ra·

78 1733 179 1789 da'ntm
192 1734 319 1808 aptiores
358 1734 454 1808 Εοᾳυο
467 1752 548 1792 sensu
561 1736 616 1792 dici
630 1730 728 1810 potest,
743 1736 873 1792 virtutem
911 1755 993 1796 cuum
1014 1737 1212 1812 perfectionum
1227 1752 1275 1791 seu
1294 1736 1454 1809 lommmm,
1474 1734 1548 1808 quod
1562 1734 1704 1808 metaphy-

80 1822 133 1878 sibi
148 1822 202 1895 ipsi
216 1823 378 1897 praesulum,
395 1825 482 1881 scelus
496 1825 549 1880 sihi
563 1824 616 1898 ipsi
627 1824 872 1898 poenamsdmne,
891 1812 895 1863 Ι
912 1827 1000 1883 sicum
1023 1826 1162 1901 appellere
1186 1824 1289 1899 possis,
1316 1839 1373 1881 non
1398 1823 1492 1880 minus
1515 1822 1704 1897 rejiciendum,

79 1912 144 1984 quia
156 1912 276 1968 naturali
294 1911 412 1987 quadam
426 1913 618 1987 consequentia
637 1930 689 1986 pro
702 1913 800 1970 ultimo
814 1914 873 1970 aoi-
891 1870 895 1947 Ι
913 1932 997 1990 qoam
1015 1932 1132 1973 menum
1152 1913 1283 1970 materiae
1305 1929 1353 1968 seu
1374 1912 1526 1997 physicum.
1569 1912 1623 1978 Qui
1638 1928 1704 1969 vero

81 2015 144 2057 mae
156 2004 238 2076 statu,
259 2004 344 2075 prout
362 2002 475 2077 expiata
487 2007 536 2059 aut
554 2018 612 2058 nou
632 2003 743 2076 expiata
756 2001 871 2075 desedit,
891 2002 894 2023 ²
912 2006 1018 2062 animas
1031 2020 1110 2062 veras
1120 2000 1375 2079 qameptionemqoe
1383 2000 1452 2058 dant
1463 2000 1560 2073 brutis,
1574 2005 1604 2056 et
1613 2005 1705 2058 tameo

80 2090 205 2147 naturale
218 2086 357 2162 quoddam
376 2090 464 2149 oritur
483 2090 653 2166 diremtum,
676 2091 767 2148 aDeo
781 2091 811 2148 in
825 2108 873 2147 na-
891 2074 894 2129 Ι
912 2095 1019 2151 animas
1047 2109 1143 2152 eorum
1169 2091 1330 2148 naturaliter
1352 2089 1442 2164 perire
1465 2106 1547 2164 posse
1572 2094 1706 2164 statuunt,

80 2183 143 2235 tura
156 2178 388 2252 praeordinatum,
408 2185 437 2236 et
448 2180 552 2237 divinis
571 2178 715 2256 promissis
729 2181 872 2254 minisque,
891 2164 894 2267 ἶ
912 2183 997 2239 etiam
1015 2182 1276 2241 demonstrationem
1302 2178 1385 2236 nobis
1410 2179 1525 2254 tollunt,
1548 2195 1599 2251 per
1621 2194 1708 2252 quam

78 2283 112 2324 ae
135 2265 241 2339 gratim
262 2266 439 2341 justitiaeque
462 2276 688 2342 cousentaneum
720 2269 872 2327 Geniomm
891 2276 895 2299 ¹
914 2272 1080 2345 ostenditur,
1108 2275 1213 2328 mentm
1233 2273 1341 2326 nostras
1359 2268 1630 2341 rammliter'perire
1648 2281 1707 2325 non

80 2356 166 2413 dmm
187 2355 327 2413 bonorum
348 2358 536 2433 malorumque
555 2357 696 2415 aosdeme
709 2358 871 2432 iutemmu,
914 2378 1003 2435 posse,
1019 2366 1048 2418 ct
1061 2360 1089 2417 in
1104 2358 1310 2418 &dolenorum
1323 2357 1424 2427 dogma
1438 2357 1570 2429 induunt,
1587 2357 1634 2429 qui
1647 2358 1708 2413 ani

78 2451 161 2519 prout
173 2445 313 2502 alterutris
321 2460 373 2501 nos
383 2447 555 2520 sociavimus,
571 2463 687 2521 quorum
698 2447 872 2521 operationes
914 2466 974 2506 mas
987 2467 1044 2509 non
1057 2449 1112 2506 nisi
1126 2446 1287 2506 miraculose
1296 2461 1343 2502 aen
1358 2462 1407 2520 per
1420 2445 1537 2516 gratiam
1551 2446 1707 2503 conservari

77 2534 175 2607 utique
192 2538 256 2590 sunt
269 2534 415 2609 naturales,
433 2535 486 2593 etsi
505 2541 604 2593 natura
617 2551 712 2593 eorum
726 2541 821 2593 nostra
836 2535 874 2592 sit
912 2543 1019 2613 putant,
1045 2543 1144 2596 natura
1167 2542 1259 2594 autem
1283 2534 1374 2610 perire
1398 2535 1498 2592 debere
1521 2534 1706 2607 arbitrantur3

79 2621 233 2680 sublimior.
277 2622 410 2681 Videmus
429 2640 496 2681 saue
514 2624 653 2682 hominem
666 2641 684 2680 a
697 2641 796 2682 mmno
810 2641 873 2699 pro·
913 2628 987 2700 quod
1007 2631 1049 2684 est
1062 2626 1241 2699 theologiam
1259 2624 1410 2682 normalem
1431 2624 1553 2680 maxiem
1571 2623 1615 2679 sui
1627 2628 1708 2697 parte

78 2712 166 2769 tundo
179 2710 367 2787 evigilemus,
387 2713 445 2770 imo
463 2714 548 2771 etism
567 2714 605 2771 ab
624 2713 771 2788 apoplexia
784 2714 821 2770 ed
843 2730 873 2770 se
913 2716 1049 2773 mutilare.
1093 2716 1238 2773 Praeterea
1252 2714 1418 2771 eontrarium
1431 2713 1525 2786 utique
1538 2712 1708 2769 demonstra·

78 2816 218 2857 reversum
239 2802 401 2859 memoriam
421 2808 510 2859 status
528 2801 637 2877 pristini
655 2818 815 2876 recuperem
829 2820 873 2859 so-
891 2812 894 2893 Ι
913 2813 974 2861 tom
987 2809 1037 2878 est,
1052 2805 1118 2879 quie
1132 2804 1283 2862 substantia
1296 2820 1391 2861 carens
1405 2802 1529 2877 partibus
1542 2800 1645 2858 destrui
1658 2816 1708 2857 m·

79 2889 145 2946 lere.
178 2889 254 2948 ldem
269 2890 304 2947 de
315 2897 404 2949 morte
414 2889 558 2949 dicendum
571 2896 622 2965 est,
636 2907 706 2965 quae
720 2893 873 2964 perceptio·
891 2896 895 2939 t
914 2894 1041 2950 turaliter
1054 2910 1109 2950 nou
1126 2896 1226 2967 potest.
1264 2894 1333 2950 Vale
1346 2897 1375 2949 et
1388 2894 1457 2949 lave.
1501 2890 1610 2949 mbem
1624 2891 1708 2948 Guel-

78 2995 130 3034 nes
154 2984 262 3036 nostras
286 2981 411 3038 turbatas
435 2986 464 3037 et
488 2982 615 3037 conimas
639 2980 753 3037 reddere
773 2984 872 3054 potest,
891 2992 895 3031 ²
915 2981 1016 3055 terbyti
1032 2985 1061 3041 4.
1076 2981 1152 3040 Junii
1171 2982 1264 3039 1710.

79 3066 170 3124 delere
183 3067 266 3142 plane
284 3085 321 3125 ex
335 3070 469 3127 memoria
483 3086 539 3127 noo
553 3075 652 3145 potest,
671 3069 749 3141 cnjus
763 3085 813 3127 usu
828 3086 872 3125 re-
891 3050 895 3123 ἶ
