3706 5828
689 325 1084 386 PRAEFATtO.
1609 330 1711 397 xxm

74 457 163 550 quod
184 458 412 528 adversarium
403 464 499 553 rpsius
509 460 654 528 Leibnitii
673 470 778 550 partes
800 469 908 526 tenere
928 469 1071 542 conatur,
1091 482 1165 527 cum
1186 470 1293 528 noster
1312 483 1387 529 suas
1408 461 1562 556 aquilas
1550 489 1617 557 Jam
1638 470 1711 539 reli-

73 577 188 666 querit
221 574 384 666 Elegimus
405 599 446 643 ex
467 574 517 642 his
536 575 673 667 epistolis
695 599 750 643 eas
772 599 855 665 quae
875 578 1077 666 gravissmae
1099 576 1238 642 nobis
1209 599 1297 643 visae
1317 588 1400 644 sunt
1436 579 1522 647 Cum
1542 605 1619 651 vero
1639 608 1709 653 res·

71 693 244 782 pensiones
263 691 366 758 Patris
386 691 455 758 Des
476 691 594 759 Bosses
615 692 727 773 desint,
749 714 815 759 non
836 691 981 758 dedimus
1003 689 1146 758 Leibnitii
1167 689 1315 784 epistolas
1337 694 1429 761 sicuti
1447 693 1624 765 Dutensius
1645 698 1741 769 unii

70 816 292 890 macervatas,
319 806 375 875 sed
402 804 542 899 siugtdas
569 805 716 897 epistolas
743 809 809 873 suis
834 809 974 874 numeris
1001 805 1181 873 instructas
1195 808 1225 872 ei
1245 830 1406 899 quamque
1426 810 1623 880 attribuimus
1643 839 1709 907 quo

71 925 253 1014 conscripta
275 932 324 990 est
344 944 437 990 anno.
480 922 590 1012 ltaque
617 946 658 990 ne
679 923 828 1014 temporis
855 925 1007 990 rationem
1029 921 1206 1002 turbemus,
1234 924 1335 1014 primo
1357 947 1411 990 eas
1432 934 1555 992 uuam
1576 930 1708 999 inserui.

71 1060 159 1120 mus,
188 1061 270 1130 quae
291 1060 374 1106 anrro
395 1036 568 1104 MDCOVl
589 1047 622 1104 et
643 1035 827 1104 ltlDCOE'll
854 1039 1050 1129 conscriptae
1072 1034 1155 1129 apud
1176 1035 1366 1132 Duteusium
1388 1034 1408 1103 l.
1431 1060 1458 1105 c.
1480 1063 1510 1133 p.
1533 1045 1599 1113 265
1620 1067 1708 1139 seqq.

67 1151 228 1245 leguntur.

162 1266 271 1336 LXlll.
297 1268 356 1336 De
377 1265 488 1335 modo
508 1265 777 1358 distinguendi
797 1265 1065 1359 phaenomena
1091 1265 1212 1334 realia
1240 1267 1286 1335 ab
1307 1269 1562 1362 imaginariis.
1607 1273 1707 1367 Frag-

70 1394 217 1452 mentum
237 1383 308 1466 hcc,
327 1383 469 1451 nondum
491 1383 721 1465 anteceditum,
743 1380 872 1450 diversis
885 1383 1087 1476 temporibus,
1107 1393 1145 1448 ut
1163 1381 1323 1451 literarum
1335 1394 1454 1452 tractus
1466 1385 1610 1479 produnt,
1631 1413 1708 1459 cou-

71 1502 225 1591 scriptum
246 1508 309 1581 est,
330 1520 413 1588 quae
434 1499 467 1565 ni
488 1496 577 1565 fallor
597 1497 691 1589 longe
711 1500 792 1567 inter
812 1521 849 1566 se
870 1496 991 1565 distant.
1037 1496 1158 1582 Quodsi
1181 1501 1250 1588 qrris
1271 1498 1459 1568 contendere
1482 1501 1570 1586 velit,
1592 1509 1706 1597 partim

71 1616 287 1706 conscriptum
314 1637 386 1680 esse
415 1622 486 1680 ante
513 1611 632 1680 saecrdi
652 1612 742 1681 XVII
764 1613 874 1694 finem,
902 1610 1047 1704 equidem
1073 1635 1136 1680 non
1166 1624 1291 1682 certem.
1336 1614 1459 1683 Tamen
1483 1619 1628 1711 subjunxi
1650 1621 1709 1688 illis

70 1731 114 1797 ad
141 1730 272 1797 Patrem
292 1728 360 1796 Des
382 1727 500 1796 Bosses
528 1728 681 1821 epistolis,
709 1729 782 1818 quia
811 1727 943 1796 eandem
970 1750 1045 1795 curn
1071 1727 1128 1794 illis
1156 1732 1355 1811 sententiam,
1383 1731 1584 1802 idealistieam
1611 1761 1708 1828 quern

70 1855 204 1927 vocant,
231 1843 272 1910 de
293 1847 423 1910 materia
445 1854 538 1911 tenet
581 1844 689 1935 ltaque
717 1866 791 1910 curn
813 1842 854 1910 ad
874 1853 995 1910 certum
1017 1853 1141 1935 tempus
1167 1843 1376 1913 deliniendum
1401 1846 1514 1916 indicia
1536 1846 1636 1916 desint
1657 1872 1708 1917 ar·

70 1961 212 2052 gumenti
235 1968 380 2026 naturam
403 1961 528 2050 sequuti
547 1983 666 2027 sumus

162 2071 276 2141 LXlV.
298 2072 476 2165 Epistola
498 2074 544 2142 ad
565 2072 803 2143 Hanschium
824 2074 870 2141 de
889 2071 1138 2166 philosophia
1161 2073 1368 2144 Platonica
1390 2079 1474 2147 sive
1495 2079 1541 2147 de
1561 2078 1709 2148 Enthu-

74 2192 225 2256 siasmo
247 2187 480 2257 Platonico
483 2191 621 2282 primurn
643 2190 725 2257 edita
747 2199 796 2257 est
817 2188 858 2256 ab
878 2189 1055 2271 llanschio,
1081 2190 1196 2282 quippe
1217 2192 1272 2281 qui
1294 2214 1365 2259 earn
1387 2193 1548 2262 Diatribae
1569 2219 1647 2263 suae
1670 2195 1710 2264 de

74 2305 299 2372 Enthusiasmo
314 2302 476 2373 Platonico
498 2304 594 2397 (Lips.
609 2307 696 2396 1716
718 2308 750 2392 d)
772 2307 972 2398 praerniserit
1004 2306 1121 2373 Nescio
1144 2328 1208 2395 quo
1229 2329 1306 2374 casu
1328 2312 1466 2377 evenerit
1486 2319 1523 2376 ut
1544 2310 1709 2402 typotheta

74 2418 227 2512 epistolae
246 2418 275 2484 d
297 2420 349 2488 25
371 2418 434 2487 Jul.
457 2418 642 2489 MDCCVll
663 2423 857 2513 conscriptae
878 2420 962 2487 diem
984 2425 1014 2488 3.
1036 2421 1105 2486 Jan.
1128 2421 1201 2487 anni
1222 2419 1380 2491 ltlDCCX
1401 2423 1616 2492 subscriberet
1648 2424 1709 2510 (Gt.

74 2536 239 2604 Ludovicii
261 2533 390 2602 librum:
434 2536 665 2606 Ausltilrrlicher
692 2536 839 2603 Entwurt
867 2523 954 2605 einer
977 2534 1204 2626 vollstiindigen
1231 2535 1368 2605 Historie
1395 2537 1451 2606 der
1471 2536 1709 2608 Leibnitaschcn

75 2650 285 2744 Philosophie,
304 2649 434 2742 Leipzig
455 2655 541 2720 1737
564 2658 609 2720 Qr.
632 2652 692 2720 Th.
715 2678 743 2744 p.
767 2656 854 2739 130).

162 2765 263 2833 LXV.
291 2766 427 2834 Lettre
449 2768 468 2833 ir
490 2767 553 2834 ltlr.
577 2767 710 2849 Ceste,
737 2765 784 2833 de
804 2765 841 2831 la
862 2768 1061 2833 necessiti
1089 2775 1126 2833 et
1148 2764 1251 2832 dela
1273 2769 1550 2859 contingente,
1578 2770 1709 2862 epistola

75 2883 269 2950 Leibnitiana
291 2881 431 2949 nondum
454 2880 556 2950 adhuc
578 2883 669 2966 edita,
692 2905 774 2973 quae
796 2905 870 2949 crun
892 2891 1113 2972 argumentum
1135 2888 1249 2949 tractet
1269 2883 1394 2972 saepius
1416 2905 1435 2948 a
1457 2882 1608 2952 leibnitio
1630 2910 1708 2978 perr-

74 3002 205 3064 sitatum
227 2997 336 3088 idque,
362 3008 399 3063 ut
421 2996 496 3064 milri
518 2997 653 3080 videtur,
682 2999 857 3064 accuratius
883 2993 976 3088 paulo
1006 2993 1137 3091 explicet
1164 3020 1227 3063 non
1255 2998 1343 3089 potui
1368 3000 1443 3086 quin
1472 2996 1596 3069 editioni
1618 3023 1710 3070 meac

72 3115 252 3181 mmmmm.

163 3226 276 3295 vat
304 3227 548 3317 Remarques
577 3251 643 3295 sur
669 3226 705 3294 le
727 3229 938 3294 sentiment
965 3224 1012 3291 du
1036 3206 1074 3291 1³ss
1095 3223 1385 3306 blalebranche,
1413 3228 1476 3316 qui
1497 3238 1609 3319 porte
1636 3254 1711 3321 quc

76 3367 174 3410 nous
198 3367 345 3433 voyons
374 3352 458 3408 tout
486 3365 532 3409 err
554 3342 667 3424 Dieu,
696 3351 938 3409 concernunt
965 3339 1151 3407 l‘examen
1181 3363 1254 3430 que
1276 3339 1341 3406 Μι.
1363 3338 1491 3409 Loclre
1518 3366 1564 3410 err
1591 3366 1609 3408 a
1638 3345 1712 3412 tait

75 3457 180 3526 Edidit
198 3459 319 3549 primus
346 3456 404 3524 has
433 3457 718 3527 animadversiones
740 3456 885 3547 Raspius.
931 3457 1019 3543 Quas
1046 3478 1128 3524 anno
1150 3453 1348 3523 ltlDCCVlll
1375 3457 1496 3523 circiter
1520 3461 1712 3551 conscriptas

76 3595 163 3653 esse,
193 3593 234 3637 ex
255 3595 294 3638 eo
315 3572 544 3664 conjiciendum
566 3583 642 3665 puto
665 3571 750 3664 quod
770 3572 884 3639 librum
906 3573 1003 3640 citant
1030 3595 1111 3639 anno
1133 3569 1305 3639 MDCCVI
1326 3570 1459 3638 Londini
1479 3571 1605 3639 editum.
1649 3573 1711 3641 lta·

76 3712 141 3776 que
169 3709 244 3753 curn
267 3685 333 3753 aliis
356 3710 480 3756 caream
502 3687 635 3770 indiciis,
663 3691 715 3754 vix
742 3711 913 3779 repugnem
943 3690 970 3754 si
997 3689 1048 3754 cui
1070 3685 1258 3753 contendere
1284 3683 1420 3767 libuerit,
1446 3698 1614 3779 conceptas
1640 3711 1712 3757 esse

77 3801 140 3869 alio
161 3813 311 3895 tempore
356 3802 421 3870 Sed
442 3813 590 3894 rogaturo
618 3826 675 3870 cur
696 3827 760 3871 non
781 3805 840 3895 ipsi
862 3826 944 3871 anno
966 3800 1137 3871 MDCCVI
1163 3824 1219 3868 eas
1240 3803 1479 3893 assignaverim,
1506 3801 1712 3870 hortantum

76 3917 293 4009 respondeam:
319 3927 428 4008 patere
456 3921 554 3986 exiis
575 3921 650 4010 ipsis
671 3942 754 4010 quae
776 3929 965 4010 sequuntur,
995 3942 1091 4010 quarn
1118 3941 1188 3986 sero
1213 3916 1369 3984 interdum
1397 3939 1435 3983 ea
1464 3915 1504 3983 ad
1524 3915 1712 3985 Leibnitium

75 4035 275 4125 pervenerint
302 4056 384 4123 quae
412 4035 443 4100 in
467 4033 568 4101 Gallia
591 4032 673 4102 edita
698 4036 825 4116 luerint,
852 4033 986 4125 ideoque
1013 4056 1076 4101 non
1098 4055 1193 4126 posse
1214 4033 1402 4124 exspectari,
1430 4030 1526 4098 libros
1547 4035 1579 4100 in
1601 4033 1713 4124 Anglia

76 4147 222 4239 vulgatos
242 4149 334 4215 citius
354 4150 386 4215 in
408 4153 475 4238 ejus
497 4170 610 4214 manus
631 4150 763 4216 venisse.
1801 4142 1808 4157 ⁴

167 4260 292 4330 LXVII.
314 4262 532 4354 Remarque
554 4263 599 4331 de
620 4263 683 4332 lllr.
706 4263 865 4332 Leibnir
893 4287 961 4331 sur
988 4286 1039 4331 un
1060 4261 1212 4330 endroit
1239 4260 1308 4330 des
1329 4260 1533 4330 Memoires
1556 4262 1601 4330 de
1618 4260 1711 4330 Τιὸ-
1736 4244 1741 4253 ’

77 4400 180 4445 voux
201 4378 249 4445 du
271 4379 366 4445 mois
388 4377 432 4445 de
455 4377 555 4469 blars
578 4382 674 4447 1704.
710 4380 873 4471 Leguntur
888 4402 969 4469 quae
983 4378 1035 4444 hic
1049 4377 1191 4444 dedimus
1207 4375 1291 4468 apud
1305 4376 1495 4443 Dntensium
1517 4374 1535 4440 l.
1551 4399 1577 4441 c.
1593 4400 1621 4466 p.
1637 4375 1712 4457 258,

78 4495 195 4583 quippe
223 4496 278 4582 qui
299 4518 318 4561 e
340 4496 499 4561 memoriis
520 4493 720 4560 Trivultianis
743 4493 855 4584 quihus
875 4497 990 4561 inserta
1012 4503 1101 4560 erant
1122 4515 1204 4560 anno
1228 4489 1425 4559 lllDCCVlll
1447 4515 1484 4558 ea
1507 4491 1711 4580 exscripserit

77 4606 195 4698 Neque
215 4607 341 4699 indigna
363 4618 451 4675 erant
473 4632 554 4699 quae
574 4610 782 4676 insererentur
796 4607 931 4690 editioni,
953 4631 1027 4674 curn
1040 4606 1092 4675 hic
1111 4608 1249 4698 primurn
1270 4618 1376 4675 noster
1390 4609 1550 4673 consessus
1573 4606 1613 4669 sit
1628 4601 1712 4695 quod

76 4719 188 4815 postea
210 4726 334 4815 caepim
355 4722 563 4791 disertissimis
584 4717 705 4805 verbis,
725 4722 812 4790 Patri
825 4723 894 4790 Des
907 4724 1025 4791 Bosses
1044 4725 1226 4816 praecipue,
1248 4725 1378 4815 scripsit,
1399 4722 1458 4788 etsi
1480 4742 1520 4788 ex
1541 4727 1713 4809 systemate

76 4837 262 4905 harmoniae
286 4837 513 4930 praestabilitas
538 4861 602 4906 non
628 4837 774 4932 explicari
798 4841 899 4929 possit
918 4861 993 4905 vera
1020 4840 1158 4931 corporis
1186 4848 1217 4905 et
1245 4839 1369 4904 animae
1396 4838 1514 4916 unitas,
1541 4830 1597 4900 sed
1625 4831 1711 4900 solus

78 4974 253 5020 consensus
273 4963 307 5020 et
326 4964 506 5036 concentus,
527 4963 634 5021 tamen
655 4978 690 5022 se
711 4977 775 5022 ιιοιι
796 4975 912 5045 negare
926 4976 1034 5021 verarn
1056 4954 1151 5022 talem
1168 4955 1336 5021 ·unionem
1359 4951 1623 5044 metaphysicam·
1642 4950 1709 5016 exi-
1830 5017 1836 5034 Ι

77 5078 170 5136 stcre
213 5067 254 5135 lis
275 5069 328 5158 qui
348 5068 492 5136 Leibnitii
511 5067 740 5160 philosophiam
762 5071 937 5136 accuratius
958 5072 1317 5163 perspexerint,notum
1339 5076 1388 5135 est
1408 5065 1469 5133 hac
1491 5067 1645 5134 sententia
1665 5066 1708 5129 ir·

78 5184 176 5251 ritum
197 5181 264 5252 lieri
282 5180 482 5250 idealismum
504 5207 600 5276 quem
623 5195 738 5253 vocant
757 5182 995 5254 Leibnitianum.
1034 5187 1157 5280 Quippe
1177 5186 1210 5252 in
1232 5207 1271 5253 ea
1288 5185 1354 5276 jam
1375 5181 1452 5250 latet
1471 5179 1554 5249 istud
1579 5182 1708 5248 ·vincu·
