3706 5828
819 424 963 517 LXX.

523 598 610 692 Au
641 598 1247 694 REVEBENDISSIMUM

87 788 416 912 PATREM
459 790 612 914 DES
651 791 936 915 Russus
974 790 1408 913 EPISTOLAE
1446 792 1683 917 uuam

753 1100 1067 1203 1709.Ι

500 1361 625 1421 (balbo.
644 1362 706 1418 opp.
725 1360 770 1408 td.
789 1361 918 1406 ortona.
954 1362 1024 1407 τοι.
1034 1360 1067 1406 n.
1085 1359 1115 1405 1¹.
1126 1360 1150 1405 1.
1170 1355 1281 1414 pm.)

888 1577 991 1635 *lusio
1036 1575 1144 1634 Gradus
1164 1577 1210 1633 ille.
1235 1575 1388 1633 mentalis
1412 1593 1534 1636 seorsum
1553 1578 1702 1638 subsistere

271 1650 469 1711 EPISTO
483 1651 506 1707 1¹
519 1650 545 1707 Α
586 1648 664 1708 Xffl·
912 1683 968 1724 uon
994 1670 1097 1740 potest,
1124 1682 1212 1739 neque
1237 1672 1280 1723 est
1304 1666 1474 1742 Fntelechia,
1499 1685 1563 1726 cnm
1586 1686 1643 1727 non
1663 1670 1702 1727 sit

189 1775 382 1835 Admodum
410 1774 612 1833 Reverendo
640 1774 753 1831 Pater.
912 1755 1076 1830 principium
1094 1755 1227 1835 ³⁰fi⁰¹¹i⁸1
1252 1755 1300 1811 Μ
1319 1759 1426 1813 *imum
1444 1757 1554 1815 animat
1577 1759 1700 1817 &¹⁰⁰¹stss

911 1845 1025 1901 Conamt
1039 1844 1109 1900 inter
1127 1844 1318 1918 Philosophus,
1338 1844 1494 1902 facultatem
1514 1847 1649 1905 sentiendi
1673 1851 1702 1906 et

120 1935 304 2011 Significatum
322 1952 341 1991 a
360 1951 405 1991 mc
424 1933 556 2009 putabam
580 1933 613 1989 D.
635 1930 868 1990 Hartsoelseri
911 1931 1094 1990 ratiocinandi
1114 1932 1143 1989 in
1163 1932 1244 1990 uobis
1259 1949 1315 1988 non
1336 1934 1424 1990 lacere
1442 1934 1564 1993 diversas
1585 1936 1701 2011 animas,

77 2026 245 2096 conjecturas
264 2022 300 2081 ad
325 2039 370 2080 me
389 2023 509 2082 rediisse
553 2021 587 2078 ln
611 2039 645 2080 eo
669 2027 712 2079 est
730 2028 762 2079 ut
781 2021 869 2079 couti·
912 2022 1187 2079 sedeidesnanimae
1206 2022 1311 2094 iuesseq
1332 2022 1404 2078 uude
1423 2023 1509 2081 miror
1527 2030 1556 2083 te
1575 2026 1620 2082 bic
1638 2026 1702 2083 bae-

78 2115 223 2172 nuatioues
242 2113 389 2187 procudat,
417 2112 467 2167 Vir
486 2111 650 2169 clausimus
670 2112 701 2167 in
720 2112 869 2185 Dioptaicis
911 2128 981 2168 rere.
1024 2111 1146 2169 Faudem
1160 2111 1304 2167 materiam
1322 2110 1461 2168 aduabus
1474 2113 1638 2173 Entelerbiis
1652 2114 1702 2175 ad·

77 2220 134 2271 nou
159 2201 312 2276 spernenda
337 2201 480 2275 promittit
524 2201 579 2257 Cur
597 2200 632 2256 de
652 2200 793 2258 elementis
807 2216 869 2257 cum
910 2203 1025 2274 aequate
1038 2200 1191 2273 informari,
1206 2215 1262 2256 non
1276 2204 1317 2256 est
1335 2216 1384 2257 cur
1403 2198 1534 2258 dicamus.
1576 2203 1703 2263 (indum

77 2310 113 2348 eo
127 2298 238 2364 certem,
253 2292 324 2347 ratio
338 2291 414 2346 nulla
427 2294 483 2363 est,
503 2289 665 2363 praesertim
683 2306 747 2346 enm
763 2289 798 2347 ad
814 2306 870 2345 me·
912 2305 1014 2347 uorum
1028 2288 1093 2346 addi
1109 2289 1217 2345 aniruae
1232 2288 1378 2346 semitivae
1391 2290 1583 2361 congruentius
1597 2293 1702 2366 pittaci,

79 2380 233 2454 tapbysieas
247 2379 368 2435 rationes
384 2379 582 2437 deveniendum
595 2378 641 2453 sit,
662 2378 697 2436 de
717 2377 816 2453 quibus
837 2377 869 2434 il·
911 2395 994 2452 quam
1007 2378 1113 2434 animas
1127 2378 1274 2435 rationales
1293 2376 1452 2433 dinumeras
1470 2378 1555 2436 latere
1577 2380 1607 2436 iu
1620 2381 1701 2438 semi·

80 2470 139 2526 lom
161 2466 284 2538 jndicem
304 2466 433 2525 idoneum
452 2485 510 2523 esse
528 2484 586 2524 non
605 2472 680 2541 puto.
728 2467 871 2525 Praeterea
912 2468 993 2525 uibus
1012 2483 1081 2541 quae
1101 2482 1157 2525 non
1172 2466 1331 2540 perveniant
1348 2466 1384 2523 ad
1402 2468 1587 2526 maturitatem
1606 2469 1702 2527 bum&

79 2562 176 2614 nostra
200 2555 385 2613 controversia
411 2572 468 2614 nou
487 2557 604 2613 multum
628 2557 664 2612 ad
683 2556 871 2631 phaenomena
913 2574 967 2615 uae
979 2561 1102 2614 naturae.
1144 2555 1254 2628 Siquis
1272 2555 1397 2612 ostendat
1416 2556 1530 2613 modum
1549 2559 1703 2617 naturalem

79 2650 191 2719 laceret,
206 2661 263 2703 uon
276 2644 351 2703 enim
364 2650 474 2703 nostae
493 2644 683 2720 explicationis
698 2645 821 2717 analysis
833 2643 870 2701 ad
912 2644 1097 2717 exaltationis,
1118 2639 1174 2701 non
1192 2643 1291 2719 diuam,
1312 2645 1383 2701 huuc
1402 2645 1516 2702 modurn
1535 2646 1600 2703 addi
1619 2646 1704 2705 mira·

77 2736 213 2792 elementa
230 2734 361 2809 procedit.
391 2735 604 2809 Typograpbum
618 2733 795 2792 leodiensem
813 2750 870 2793 nou
912 2735 1012 2791 caloae
1055 2733 1138 2790 Vides
1152 2749 1217 2804 ergo
1231 2732 1324 2790 haece
1339 2749 1383 2789 me
1396 2733 1450 2791 diei
1463 2751 1513 2808 per
1526 2735 1641 2793 modum
1653 2735 1704 2807 lay·

80 2830 123 2882 est
137 2830 168 2881 ut
188 2839 353 2897 magnopere
377 2840 510 2880 summm.
555 2823 669 2881 luterim
694 2824 794 2880 multas
818 2823 871 2881 tibi
913 2824 1056 2897 pathmos
1074 2821 1260 2897 proterendos.
1298 2822 1429 2879 Animam
1447 2839 1485 2880 ex
1504 2822 1598 2881 anima
1617 2824 1704 2899 nasci,
1794 2874 1797 2883 .

78 2913 180 2984 gratias
200 2911 295 2969 debeo.
338 2912 372 2969 ln
390 2912 483 2969 libello
504 2912 571 2968 nihil
585 2929 604 2969 a
617 2928 663 2969 ms
681 2912 790 2970 defendi
803 2917 871 2988 puto
912 2911 979 2969 siid
994 2910 1274 2987 aadnoemappellas,
1284 2911 1705 2989 explicabileuouestotlougs

79 3000 230 3074 dogmatis,
249 3000 324 3075 quod
344 3017 400 3057 nou
420 3005 450 3056 et
468 3005 589 3079 veebum
603 3001 704 3075 aliquis
725 3002 795 3059 tueri
809 3018 871 3076 pos·
912 3000 1010 3057 absum
1024 3000 1061 3056 ab
1076 3000 1128 3072 bis,
1144 3000 1192 3073 qui
1206 2999 1272 3057 talia
1285 3001 1451 3075 concipiunt.
1649 3024 1652 3029 ·
1702 3072 1708 3081 Ι

80 3080 132 3164 sit,
153 3090 355 3146 Prolastantem
369 3094 462 3146 tamen
474 3104 532 3147 uon
545 3088 705 3148 dissimulo„
956 3089 1016 3146 Etsi
1030 3087 1181 3147 monadum
1199 3089 1261 3146 loos
1279 3106 1329 3163 per
1343 3089 1567 3164 modificationes,
1587 3106 1637 3147 seu
1650 3094 1705 3147 tcr·

125 3176 259 3253 Equidem
278 3176 373 3236 divino
391 3178 522 3235 mandato
542 3179 675 3253 prodient
695 3183 769 3236 terra
787 3179 873 3236 insita
913 3179 1077 3236 minutiones
1093 3177 1599 3254 partiumspatiidcsignentur,i1sao
1612 3184 1705 3237 tamen

81 3268 162 3326 rebus
177 3267 297 3324 efficacia
311 3267 462 3342 iudioatm3
483 3283 539 3324 uon
558 3268 649 3342 potuit
666 3267 802 3325 tamenin
817 3268 872 3325 illis
914 3269 1045 3325 monades
1070 3282 1127 3324 uon
1152 3272 1217 3324 sunt
1240 3267 1280 3324 rei
1305 3271 1450 3325 mutinuae
1474 3267 1705 3343 omnesones,

81 3359 163 3415 luisse
177 3356 214 3413 ab
228 3356 309 3413 initio
322 3357 475 3433 meatiouis,
486 3356 539 3413 etsi
553 3361 648 3431 postoe
661 3357 749 3431 mapa
758 3357 795 3414 ad
809 3374 873 3432 ope
914 3374 1019 3430 massa,
1038 3355 1151 3430 eiusque
1168 3355 1278 3413 ditlnsio
1291 3358 1406 3415 remltat
1419 3374 1456 3413 ex
1469 3357 1641 3429 monadibus,
1656 3356 1705 3415 md

81 3447 201 3505 rationes
211 3445 414 3520 disponeretur:
428 3462 515 3503 novas
527 3446 635 3503 animas
648 3451 713 3502 tunc
725 3446 812 3503 creari
826 3462 873 3503 ue·
914 3462 970 3503 non
990 3444 1127 3520 spatium,
1153 3460 1219 3501 nam
1238 3446 1373 3519 spadum,
1393 3446 1505 3521 perinde
1530 3463 1563 3502 ac
1587 3451 1705 3519 tempus,

80 3553 155 3593 cesse
174 3550 231 3591 non
255 3539 324 3607 erat,
344 3550 407 3591 cum
428 3539 531 3592 veteres
550 3534 713 3592 sufficereut.
757 3535 873 3593 Brutum
914 3536 983 3593 ordo
1002 3540 1045 3592 est
1064 3534 1184 3608 quidam,
1203 3550 1302 3609 nempe
1321 3529 1391 3608 [pro
1410 3536 1499 3608 spatio
1517 3526 1705 3609 meristeudi)

81 3625 233 3681 animatum
246 3639 307 3679 esse
320 3622 511 3698 demonstrari,
526 3623 686 3697 nequidem
699 3623 812 3699 probari
826 3640 872 3680 ue·
914 3624 961 3699 qni
975 3640 1032 3680 uon
1046 3623 1165 3681 actmlia
1178 3628 1295 3698 tautum,
1315 3624 1364 3679 sed
1384 3627 1413 3679 et
1431 3623 1574 3696 possibilia
1586 3622 1705 3697 eomple-

81 3713 151 3785 qnit,
167 3727 230 3767 cum
245 3727 279 3767 uc
293 3710 345 3769 hoc
359 3710 469 3784 quidem
484 3713 580 3788 possit,
594 3712 664 3770 alios
679 3714 803 3770 homiues
816 3729 874 3771 usu
915 3713 1004 3770 ctitm.
1041 3712 1122 3769 Unde
1146 3711 1317 3769 indefinitum
1341 3717 1384 3769 ost
1400 3711 1547 3785 quiddam,
1573 3716 1604 3769 ut
1623 3727 1706 3769 omne

83 3800 171 3857 nudas
191 3798 330 3855 machinas
348 3816 422 3873 esse,
448 3801 558 3873 quaudo
576 3801 606 3857 in
625 3801 748 3877 ipsorum
768 3811 873 3859 aientes
915 3802 1074 3860 continuum
1087 3799 1165 3871 cuins
1183 3805 1275 3874 partas
1289 3817 1346 3859 non
1360 3806 1425 3857 sunt
1436 3807 1508 3875 actu,
1527 3799 1574 3857 sed
1592 3817 1644 3873 pro
1661 3816 1707 3859 ar·

82 3888 259 3963 introspicere
273 3904 331 3945 non
344 3904 497 3963 pomumm.
539 3889 592 3947 Sed
605 3889 672 3948 baec
684 3897 750 3949 sunt
764 3891 874 3949 morali-
916 3891 1001 3949 bitrio
1014 3890 1100 3966 aedpi
1114 3895 1238 3965 possunt,
1258 3907 1342 3964 aerque
1357 3895 1386 3946 ut
1400 3893 1492 3963 partes
1511 3889 1634 3963 anitafis
1657 3904 1706 3949 sou

83 3984 126 4036 ter
149 3982 239 4051 certa,
265 3977 496 4052 quemadmodum
522 3979 627 4054 aliquas
655 3997 714 4037 esee
739 3986 874 4039 meatams
917 3980 1071 4038 fractiones.
1114 3979 1142 4036 Si
1156 3978 1226 4036 aliae
1239 3983 1328 4035 ament
1348 3980 1378 4036 in
1391 3983 1490 4035 natura
1509 3994 1601 4035 rerum
1614 3978 1707 4037 subdi·
1833 3992 1838 4001 ·

82 4073 189 4144 praeter
203 4084 256 4125 me.
300 4067 361 4125 Etsi
375 4082 441 4138 ergo
455 4067 583 4125 absoluta
602 4084 659 4125 uon
672 4069 710 4127 sit
722 4070 874 4144 nemositas,
916 4069 1034 4126 visiones
1053 4085 1199 4141 corporum
1219 4068 1424 4140 organicorum,
1449 4067 1520 4123 aliae
1539 4072 1630 4125 emeat
1645 4084 1706 4125 mo·

83 4163 112 4214 ut
126 4173 208 4215 omne
222 4173 321 4231 eorpus
335 4157 495 4229 organicum
515 4158 553 4214 sit
570 4158 733 4233 miuus,
749 4159 874 4229 judicara-
917 4158 1009 4232 uades,
1025 4157 1082 4214 alia
1096 4173 1193 4229 masa,
1208 4161 1236 4212 et
1252 4157 1324 4212 idem
1338 4159 1410 4214 toret
1422 4156 1541 4231 spatium
1560 4156 1634 4230 quod
1653 4156 1706 4215 im·

83 4246 150 4302 dum
165 4250 259 4302 tamen
272 4253 315 4303 est
333 4246 442 4303 animae
461 4247 628 4307 occasionem
642 4265 661 4305 a
673 4249 734 4305 Deo
753 4265 808 4305 nou
828 4265 871 4305 ue
916 4248 1042 4322 pleretur.
1080 4246 1185 4319 Nempe
1199 4246 1317 4319 spatium
1331 4251 1371 4303 est
1384 4245 1544 4302 continuum
1558 4244 1706 4321 quoddam,

82 4334 208 4408 glesum,
223 4351 285 4392 cram
298 4335 432 4408 sapientia
445 4334 504 4406 ejas
522 4336 655 4412 producat
667 4341 800 4412 quantum
814 4337 875 4412 plu·
916 4335 964 4393 sed
978 4334 1075 4393 ideale.
1114 4333 1208 4391 Massa
1222 4340 1264 4391 est
1277 4335 1431 4408 diaretm
1446 4350 1547 4407 nempe
1560 4334 1708 4393 multitudo

82 4424 187 4480 rimam
200 4423 372 4495 perlectiouis
386 4429 486 4498 potest.
594 4416 600 4426 '
916 4425 1042 4499 actualis,
1056 4441 1103 4481 seu
1116 4440 1165 4480 ens
1180 4440 1229 4497 per
1238 4424 1467 4498 aggregationem,
1482 4423 1581 4481 sodex
1594 4422 1707 4482 unitati·

127 4510 231 4567 Anima
251 4510 357 4567 interno
383 4513 493 4585 quidem
510 4513 569 4570 sine
593 4531 739 4589 oorqrorum
758 4513 876 4572 admini-
917 4515 968 4571 bus
982 4513 1110 4585 infinitis,
1123 4513 1154 4569 iu
1167 4513 1319 4570 actualibus
1332 4513 1466 4587 amplicia
1484 4517 1549 4570 sunt
1567 4512 1709 4571 anteriora

83 4600 147 4657 culo
162 4599 269 4674 operari
283 4602 382 4671 potest,
397 4602 445 4659 sed
461 4619 517 4659 uon
530 4607 619 4659 extra.
656 4603 769 4677 Semper
783 4608 874 4661 tanam
916 4603 1076 4676 aggregatis,
1088 4601 1118 4658 iu
1131 4601 1266 4660 idealibus
1284 4608 1373 4660 totum
1387 4606 1428 4658 est
1443 4601 1518 4676 prins
1531 4607 1617 4676 parte.
1648 4601 1707 4657 llu-

82 4690 143 4760 ejus
162 4686 318 4746 actionibus
337 4687 452 4745 internis
470 4696 585 4747 exterm
604 4690 634 4746 iu
652 4692 813 4766 corporibus
831 4709 875 4749 re·
913 4691 960 4760 jus
973 4691 1199 4749 considerationis
1213 4694 1350 4763 neglectus
1363 4691 1443 4749 illum
1455 4691 1616 4749 mutianum
1630 4689 1707 4760 leby-

83 4777 227 4854 spondent.
272 4774 407 4849 Equidem
427 4795 476 4850 per
497 4778 656 4836 miraculum
675 4780 767 4837 aDeo
782 4782 876 4839 mima
917 4781 1038 4839 riuthum
1052 4780 1168 4854 peperit.

84 4866 213 4924 constitui
228 4870 319 4940 potest
333 4869 413 4923 extra
426 4882 540 4939 oorpus3
562 4866 611 4923 sed
630 4867 681 4924 boc
700 4884 758 4926 non
778 4884 876 4927 conre-
961 4869 996 4927 it.
1009 4870 1041 4926 Ρ.
1084 4870 1274 4941 Dionysius
1293 4870 1444 4933 Wertensis
1458 4869 1611 4942 eapucinas
1625 4864 1708 4940 paulo

85 4955 128 5010 nit
141 4954 233 5013 ordini
247 4970 348 5013 rerum.
392 4956 420 5012 A
438 4955 529 5029 primo
547 4955 657 5030 passivo
676 4961 801 5033 aepamba
819 4974 876 5017 non
918 4963 982 5016 aute
996 4958 1102 5016 obitum
1115 4957 1152 5015 ad
1168 4975 1212 5017 me
1225 4958 1385 5034 scripserat,
1399 4964 1429 5016 et
1440 4958 1533 5016 uescio
1546 4957 1620 5030 quod
1633 4954 1708 5013 vide·

85 5043 166 5101 laciet
192 5058 249 5102 rem
274 5044 439 5119 completam
464 5061 512 5103 seu
535 5045 664 5103 momda
712 5046 741 5103 si
768 5050 876 5105 tantum
918 5049 1000 5105 batur
1014 5048 1109 5104 moliri
1123 5064 1193 5122 opus
1207 5064 1319 5106 novum.
1362 5046 1539 5121 llstquidam
1552 5046 1582 5102 in
1596 5043 1709 5102 Batavis

84 5131 174 5203 ruajor
192 5132 291 5207 gradm
310 5134 434 5213 additor,
457 5135 532 5194 nulla
553 5140 595 5195 est
615 5151 688 5195 uova
705 5136 815 5197 animae
832 5137 876 5196 iu·
917 5137 1117 5214 Typograpbns
1131 5138 1174 5196 vel
1187 5137 1352 5213 bibliopola,
1370 5137 1417 5212 qui
1430 5151 1543 5211 operam
1562 5151 1642 5193 suam
1656 5134 1708 5193 sub
