3706 5828
154 351 177 416 2
687 359 710 419 l
743 359 795 420 DE
815 359 997 420 PillNCll’lO
1019 357 1210 418 luutvmm

154 520 198 561 res
212 501 351 575 quaelibet
366 516 415 574 per
429 516 508 558 snam
522 501 666 559 entitatem
679 507 737 560 est:
758 502 837 561 Ε-
851 501 944 559 Maior
993 502 1259 574 extraintelleetnm,
1276 498 1471 573 suffigeret,
1487 495 1788 556 daretureontaa'fbo·

154 592 300 665 probatur,
321 591 387 662 quia
402 606 488 646 unum
501 607 586 665 snpra
606 603 664 647 ens·
674 592 743 648 nihil
765 591 844 648 addit
860 591 942 648 reate
993 591 1090 647 mistas
1104 589 1258 647 anniversale
1271 587 1438 661 oompletnm
1452 587 1483 643 in
1501 587 1591 643 rebus
1624 586 1685 644 luto
1700 586 1788 644 efiam

155 680 204 736 Usi
219 683 283 735 sunt
297 679 347 735 hoo
363 681 523 750 argumento
537 695 634 736 omnes
643 678 723 751 bajus
736 680 887 736 sententiae
897 679 944 735 de·
992 679 1060 736 dieit
1074 676 1252 735 Bassolius
1267 677 1396 750 Sentista,
1419 675 1494 748 quod
1509 675 1589 732 detrrr
1603 676 1694 732 solnm
1709 675 1741 732 in
1754 692 1788 733 re

155 771 282 826 fensoras.
300 767 459 840 Respondet
478 766 659 825 Bassolius
678 769 795 825 Seotista
816 767 944 840 negando
993 768 1148 824 miivermle
1173 766 1204 822 in
1223 764 1362 840 potentia,
1390 776 1490 838 nempe
1515 767 1614 823 muna
1639 763 1790 836 singularis

154 856 301 926 majorem:
324 873 358 911 ae
372 854 447 929 «ficit,
463 859 590 912 suturam
604 872 654 914 sen
673 856 818 914 entitatem
836 856 877 912 rei
891 856 944 912 dif·
994 857 1024 912 iu
1039 854 1208 930 respuetuad
1218 854 1400 926 intellectum,
1417 853 1464 926 qui
1479 868 1544 909 eum
1559 851 1697 909 similibus
1711 868 1789 909 eom·

155 949 226 1003 ferra
241 944 408 1017 formaliter,
425 960 484 1000 non
498 945 617 1000 realiter.
648 944 685 1001 Et
698 945 739 1000 sie
758 945 872 1002 limitat:
894 961 944 1017 per
994 961 1090 1018 parare
1107 946 1205 1017 potest.
1239 941 1361 998 Ulterius
1382 941 1498 997 detrusae
1517 940 1603 997 etiam
1616 944 1723 1009 ‘natura
1743 941 1788 997 in·

155 1033 230 1107 qnod
244 1032 311 1105 qnid
326 1036 375 1104 ast,
392 1049 441 1104 per
451 1032 525 1089 idem
539 1033 650 1090 realiter
664 1050 751 1089 unum
766 1050 880 1090 numero
891 1036 942 1106 et,
994 1034 1123 1090 differens
1140 1031 1170 1087 iu
1184 1030 1313 1088 Soeratet
1331 1029 1361 1086 Si
1376 1029 1467 1104 nuta,
1481 1029 1543 1099 jam
1558 1032 1649 1103 patet,
1665 1028 1740 1101 quod
1755 1046 1790 1086 se

154 1127 184 1178 et
204 1122 244 1177 sie
258 1121 428 1176 comeditur:
443 1120 468 1175 si
483 1137 532 1194 per
547 1120 621 1177 idem
637 1122 803 1196 fonnaliter,
820 1126 942 1193 negatur.
994 1122 1085 1195 ipsam
1099 1119 1253 1177 individuet
1267 1123 1366 1174 nabun
1382 1117 1516 1190 Sometis3
1535 1117 1580 1173 sin
1594 1117 1696 1190 aliqua,
1709 1117 1788 1175 (lubi-

155 1211 192 1276 Et
206 1209 241 1265 ad
259 1208 452 1282 probationem
467 1209 556 1265 (linere
570 1214 675 1285 protest,
698 1210 773 1284 qnod
792 1226 879 1266 unua
895 1209 944 1265 ali·
994 1215 1040 1266 tur
1054 1209 1137 1266 simul
1154 1208 1283 1265 differens
1297 1211 1326 1263 et
1344 1206 1502 1263 indifferens
1517 1211 1616 1262 natm-a
1625 1206 1788 1262 honarum

153 1298 221 1372 quid
240 1314 323 1370 supra
343 1313 393 1353 ens
414 1296 499 1353 addat
525 1298 677 1354 formaliter
703 1299 851 1357 diversum.
890 1297 945 1354 Sed
994 1301 1112 1355 Sotrate„
1134 1295 1192 1353 Nee
1207 1295 1303 1369 effugit
1318 1295 1485 1351 Soneinas
1499 1294 1601 1368 diosus,
1618 1294 1693 1367 quod
1707 1294 1789 1351 ‹utte-

153 1387 219 1443 luse
228 1385 447 1459 profligabuntur
457 1385 529 1442 infla
543 1387 573 1442 in
582 1388 747 1443 refutatione
756 1387 839 1444 Seoti.
994 1403 1057 1445 rans
1073 1391 1102 1444 et
1116 1385 1275 1441 indifferens
1291 1383 1400 1440 differat
1415 1383 1533 1440 ratione.
1555 1382 1629 1439 Nam
1643 1382 1685 1439 sie
1697 1386 1787 1457 petet,

197 1474 222 1546 ἦ.
236 1477 264 1531 6.
287 1474 524 1531 Mereeuarius
534 1480 615 1548 negat
626 1475 769 1550 naqiorem,
786 1480 815 1532 et
829 1474 866 1532 ad
880 1491 944 1548 pro·
993 1475 1068 1550 quod
1082 1479 1181 1531 tratura
1191 1473 1229 1529 sit
1238 1472 1420 1529 detenuinata
1434 1471 1505 1529 inre
1516 1470 1712 1548 pusaipmm,
1726 1486 1788 1529 non

152 1563 295 1620 bationem
305 1562 380 1635 dieit,
392 1552 449 1618 non
459 1562 570 1636 quidem
581 1580 666 1620 unum
676 1565 774 1639 specie,
791 1563 840 1620 sed
850 1569 944 1620 tamen
994 1583 1044 1639 per
1057 1563 1163 1637 aliquid
1172 1561 1305 1618 additum.

152 1667 239 1708 unmn
260 1667 374 1707 numero
389 1651 490 1707 addere
512 1651 616 1725 aliquid
636 1652 790 1726 supra'ens
813 1652 866 1708 Sed
879 1669 944 1708 eon·
1038 1654 1064 1723 ἦ.
1078 1653 1106 1708 9.
1136 1652 1164 1708 5.
1187 1650 1314 1706 Essentia
1323 1649 1428 1723 aliqua,
1445 1648 1600 1705 humanitas
1614 1664 1642 1704 v.
1653 1665 1680 1721 g.
1690 1647 1788 1705 Soua-

152 1744 208 1796 tra:
226 1741 254 1796 id
264 1739 338 1812 quod
348 1738 435 1814 addit,
447 1740 579 1813 quamsit
588 1741 693 1813 aliquid
702 1741 844 1816 reale,erit
853 1741 945 1814 ipsum
994 1743 1046 1817 tis,
1067 1744 1116 1797 aut
1131 1739 1224 1796 differt
1239 1755 1354 1794 numero
1370 1735 1407 1791 ab
1422 1738 1592 1794 humanitate
1601 1737 1725 1793 Platonis
1743 1736 1788 1794 in·

151 1843 260 1901 quoque
281 1845 339 1901 ena,
362 1828 393 1883 Ε.
416 1828 499 1885 addet
518 1828 623 1901 aliquid
638 1847 721 1903 supra
742 1848 772 1886 se
787 1831 886 1903 ipsum.
914 1828 944 1886 Si
994 1831 1123 1903 tnnseoe,
1140 1827 1278 1900 sinempe
1288 1825 1509 1901 praescindamus
1520 1825 1559 1900 id,
1581 1825 1657 1898 quod
1671 1829 1787 1882 naturae

151 1916 314 1990 rmoslieat,
332 1932 390 1972 non
404 1916 481 1990 loqui
496 1934 527 1973 se
542 1917 663 1973 deomni
674 1923 752 1991 ente,
770 1918 844 1991 quod
859 1918 944 1974 etiam
994 1923 1074 1976 esua
1090 1918 1179 1990 ipsam
1193 1915 1400 1989 superadditum
1414 1919 1470 1989 est,
1487 1919 1536 1971 ant
1550 1930 1618 1972 non.
1648 1914 1678 1970 Si
1692 1914 1788 1970 differt
1810 1949 1813 1953 -

151 2004 486 2078 modosimludaturgao:
497 2004 799 2078 id,supraqn0dsmitas
805 2007 944 2063 numerica
994 2023 1108 2064 numero
1119 2005 1278 2079 intrinsene,
1294 2002 1489 2060 individuatse
1500 2003 1597 2076 ipsam
1619 2003 1670 2058 Sin
1680 2002 1785 2077 miuus,

151 2093 255 2166 aliquid
264 2093 466 2165 additoetens.
488 2093 944 2168 Siigitnrestunnmuumeroprae·
993 2091 1787 2170 sequitur,quodinsehumanitasPlatonisetSomatissint

150 2181 944 2256 cisumaddito,nihiladditnnitasnumeriea3sinmi·
996 2185 1196 2241 islernnumero.
1219 2180 1788 2254 Etutinatmaeumaliamturaitaposset

152 2287 213 2344 nm,
225 2270 337 2327 dabitur
346 2270 484 2342 quoddam
495 2287 544 2326 ens
553 2272 636 2344 male,
649 2274 723 2345 quod
732 2289 791 2329 non
800 2273 838 2329 sit
851 2272 944 2345 singu·
994 2289 1102 2348 quoque
1115 2288 1180 2328 eum
1194 2271 1289 2327 addito
1298 2270 1460 2342 comparari.
1488 2269 1542 2328 Sed
1551 2285 1625 2325 nune
1634 2269 1723 2324 mida

151 2359 217 2433 lara,
229 2359 328 2431 dequo
338 2359 418 2415 infra
433 2359 533 2432 Taeeo,
546 2360 856 2432 qnodltlereenarius
866 2378 944 2418 more
1037 2362 1064 2431 ἦ.
1085 2361 1135 2419 10.
1157 2361 1328 2432 Argumenta
1341 2358 1371 2414 in
1385 2357 1554 2415 eontrarium
1568 2373 1656 2430 pana
1675 2359 1741 2413 arnt
1754 2360 1786 2412 et

150 2447 294 2504 Sootistieo
304 2448 460 2522 rasqmnelit,
477 2463 562 2521 quum
573 2450 664 2505 faveat
679 2451 810 2507 Uromae.
994 2451 1072 2524 parvi
1088 2449 1230 2506 momenti
1259 2447 1282 2506 L
1299 2446 1435 2519 Quicquid
1450 2446 1594 2502 constituit
1610 2445 1786 2503 mdiddmm

194 2536 220 2606 S.
244 2535 271 2593 7.
309 2536 506 2593 Ramoneda
532 2538 692 2610 respondet:
721 2555 809 2596 mrum
839 2543 868 2594 et
894 2554 944 2595 ens
994 2539 1185 2611 materialiter,
1203 2553 1261 2592 nou
1274 2535 1417 2592 eonstitnit
1428 2535 1586 2592 formaliter.
1614 2533 1668 2591 Sed
1682 2533 1786 2591 entitas

151 2624 303 2681 fomraliter
318 2624 435 2698 differre,
452 2625 578 2698 quamvis
595 2627 773 2684 materialiter
786 2628 843 2682 sint
857 2627 941 2685 idem.
993 2623 1605 2696 individuumoanstituitipsummaterialiter:
1616 2623 1785 2695 n-Resp.

150 2713 204 2769 Por
223 2698 260 2764 τὸ
282 2713 434 2770 fonnaliter
454 2713 596 2785 intelligit:
619 2715 731 2771 differre
750 2716 868 2772 ratione.
910 2716 942 2772 F,
993 2716 1119 2789 negando
1136 2714 1278 2787 maiorem
1299 2712 1365 2785 qnia
1380 2711 1522 2769 materiale
1536 2715 1566 2767 et
1580 2710 1696 2768 formale
1711 2710 1786 2767 indi·

150 2801 235 2856 etiarn
244 2800 382 2874 principia
392 2801 472 2857 unius
482 2817 597 2857 nunero
608 2807 637 2858 et
646 2804 728 2876 entis,
739 2804 848 2860 ratione
865 2804 944 2860 diffe-
993 2805 1079 2878 vidui,
1090 2820 1139 2860 sen
1149 2803 1253 2877 speeies
1263 2806 1293 2858 et
1303 2800 1483 2875 individuum,
1495 2815 1552 2857 uon
1561 2799 1693 2856 ‹lifferurit
1702 2799 1785 2856 reali·

124 2952 129 2970 ι
150 2892 223 2945 runt.
241 2943 246 2956 ,
261 2888 429 2945 Soneinas
443 2889 499 2962 ait,
516 2889 623 2945 Arist
657 2890 704 2947 IV.
720 2892 798 2950 Met.
818 2892 852 2965 2,
870 2892 943 2949 unde
992 2898 1043 2950 ter.
1055 2893 1092 2949 11.
1109 2893 1138 2950 Si
1157 2890 1276 2948 essentia
1291 2890 1322 2946 in
1336 2906 1367 2945 aa
1381 2894 1456 2946 tarot
1472 2888 1632 2963 existentia,
1655 2904 1707 2945 nee
1720 2904 1785 2945 eam

150 2977 202 3034 boe
211 2981 401 3050 argumentum
411 2981 530 3051 summt,
537 2994 595 3033 non
606 2979 681 3052 loqui
687 2979 723 3036 de
732 2981 838 3037 umtate
848 2997 943 3037 nume·
992 2981 1125 3055 implicat,
1136 2981 1266 3053 sequitur,
1278 2977 1351 3051 quod
1362 2978 1439 3035 sitin
1449 2995 1480 3034 se
1489 2977 1656 3034 iriditfereus.
1672 2976 1727 3034 Sed
1737 2993 1785 3032 se·

150 3065 211 3139 ruli,
223 3064 521 3122 selummndentali.
541 3066 943 3126 Verumetillaasttranseen·
992 3070 1160 3144 rumprius3
1175 3069 1241 3143 quia
1255 3066 1329 3140 quod
1344 3066 1536 3139 subopposito
1551 3065 1668 3124 alieuiras
1682 3069 1784 3122 esseet

150 3152 227 3227 dens,
244 3157 273 3210 et
288 3171 345 3211 non
359 3152 441 3212 datur
450 3154 541 3212 umus
551 3155 633 3211 redis
643 3156 757 3231 speciei,
774 3163 882 3230 praeter
892 3174 943 3215 nu·
992 3159 1099 3234 eoneipi
1114 3162 1213 3232 potest,
1230 3155 1260 3213 id
1276 3154 1351 3211 istnd
1368 3171 1425 3211 non
1440 3154 1563 3212 includit.
1590 3154 1644 3210 Sed
1654 3153 1714 3210 sisse
1723 3153 1784 3211 axi·

150 3242 288 3298 moralem
321 3242 418 3299 Posset
433 3258 541 3317 qnoque
555 3243 654 3316 aliquis
671 3262 722 3318 pro
739 3246 867 3303 omatibus
881 3264 943 3303 son·
992 3249 1093 3305 stantia
1108 3245 1226 3304 essentia
1236 3261 1296 3300 esse
1306 3243 1456 3317 aeooneipi
1471 3246 1575 3316 potest:
1591 3242 1624 3299 n
1634 3271 1671 3283 -
1684 3241 1782 3314 Resp:

150 3330 246 3386 tentiis
271 3329 393 3387 adversis
411 3346 450 3388 ex
471 3348 506 3389 eo
528 3332 720 3407 fundamento,
743 3350 799 3407 quo
822 3335 942 3391 anobis
992 3337 1118 3394 Essentia
1127 3334 1172 3391 vel
1182 3333 1299 3390 sumitur
1307 3336 1339 3389 ut
1354 3331 1601 3406 estinintelleotn,
1618 3335 1648 3388 et
1656 3347 1784 3404 proson-

150 3419 297 3492 (liberunt,
312 3419 490 3493 respondere,
508 3420 566 3476 fieri
576 3436 662 3477 unum
672 3439 788 3479 numero
798 3440 847 3496 per
863 3440 941 3479 sumn
991 3431 1072 3499 eeptu
1082 3421 1278 3497 quidditativo:
1296 3421 1335 3476 sie
1350 3437 1408 3477 nou
1417 3425 1461 3477 ost
1471 3420 1620 3476 existentia
1629 3420 1665 3477 de
1674 3419 1784 3476 ratione

150 3506 303 3580 entitatem,
321 3508 370 3566 sed
384 3524 442 3564 nou
452 3512 547 3564 totam
570 3508 672 3566 Verum
688 3511 795 3585 obstat,
811 3511 886 3584 qnod
901 3512 942 3567 al·
992 3513 1142 3579 assentiam
1162 3510 1207 3566 rel
1218 3514 1301 3582 prout
1311 3514 1354 3565 est
1364 3510 1394 3565 in
1404 3526 1449 3567 re:
1471 3509 1516 3565 Sie
1532 3525 1613 3583 nego,
1630 3525 1690 3565 esse
1700 3525 1784 3581 posse

151 3599 210 3652 tera
226 3611 336 3670 quoque
349 3612 413 3669 pars
424 3597 570 3654 inuinseoe
585 3603 629 3654 at
643 3615 699 3655 nna
714 3616 842 3674 numero,
860 3605 889 3657 et
899 3618 941 3656 se·
991 3602 1052 3658 sine
1063 3599 1218 3657 existentia
1248 3597 1295 3653 111.
1307 3597 1449 3654 &mutina
1458 3596 1571 3670 propria
1581 3597 1681 3670 mutas,
1698 3597 1784 3652 nimi·

149 3689 291 3757 querebn,
314 3685 339 3741 si
355 3686 490 3760 principia
511 3685 620 3742 interna
634 3687 716 3744 unitas
731 3693 760 3745 et
776 3688 847 3744 entis
863 3689 941 3745 diffe-
990 3688 1197 3759 maternalis,
1209 3686 1399 3761 seuqmeifieu,
1416 3690 1459 3743 ast
1469 3685 1561 3742 minor
1570 3685 1676 3742 unitate
1686 3700 1783 3742 nume-

151 3776 216 3828 runt
234 3777 404 3831 uttotumet
419 3791 496 3848 pars,
513 3789 600 3831 uuum
615 3779 645 3831 et
659 3792 709 3832 eus
723 3792 832 3849 quoque
851 3781 884 3832 ut
899 3781 941 3832 to·
990 3779 1060 3836 rali:
1082 3777 1180 3834 Eista
1190 3791 1248 3830 non
1257 3773 1539 3848 oompetiteiperse,
1556 3789 1641 3846 quum
1656 3773 1711 3846 ipsi
1721 3772 1783 3843 ejus

151 3865 211 3915 tum
232 3865 261 3916 et
281 3866 387 3933 partem
414 3863 538 3937 stillans,
565 3862 624 3919 imo
645 3880 694 3920 ens
715 3865 819 3938 aliquid
841 3865 941 3922 addere
991 3867 1149 3939 oppositum
1165 3881 1215 3937 per
1230 3880 1261 3920 se
1280 3867 1428 3936 eompetat.
1447 3890 1483 3904 -
1509 3862 1591 3936 Resp.
1613 3879 1675 3936 neg.
1691 3866 1782 3918 antee.

150 3963 234 4020 supra
248 3965 342 4005 unum
365 3951 457 4023 Atque
471 3951 537 4007 haee
552 3951 587 4007 de
600 3952 651 4008 boe
667 3957 830 4025 argumento
844 3953 939 4029 fusius,
990 3956 1026 4012 de
1040 3955 1108 4011 unit
1120 3957 1202 4009 extra
1214 3952 1391 4009 intelleetnm.
1407 3979 1443 3993 -
1461 3952 1531 4007 Sunt
1545 3952 1611 4008 haee
1620 3956 1783 4024 argumenta

150 4039 183 4093 ut
200 4035 885 4115 meliusvideatur‚quaequisqneetlt1giaquaerat.
990 4041 1328 4117 pleraqueSoneinatis
1342 4039 1364 4097 1.
1378 4040 1538 4112 ⁶1.Met.q.
1552 4039 1605 4097 31.
1628 4039 1783 4105 Quietob·

195 4123 222 4192 β.
235 4123 265 4182 l.
279 4124 308 4180 2.
345 4125 423 4191 Quae
437 4132 501 4183 sunt
516 4128 652 4201 principia
665 4129 739 4185 entis
754 4130 785 4186 in
794 4129 941 4187 universali
986 4130 1302 4203 jieitdeaeeidentibus,
1320 4145 1399 4203 quae,
1416 4126 1781 4201 solonumesuditferentia,

151 4212 329 4285 universalia,
346 4230 380 4270 ea
395 4219 459 4272 sunt
468 4214 529 4284 eius
543 4217 678 4291 principia
693 4219 723 4273 in
737 4219 870 4291 singulari
885 4219 940 4274 sin·
991 4236 1050 4276 non
1059 4219 1167 4294 possint
1176 4234 1236 4276 esse
1245 4218 1277 4273 in
1286 4218 1385 4274 eodem
1395 4216 1518 4287 subjecto
1533 4217 1630 4290 simul,
1648 4217 1723 4288 quod
1739 4220 1783 4272 ta·

150 4301 263 4374 galatia.
290 4301 344 4360 Sed
360 4306 421 4359 tnta
436 4303 537 4360 entitas
552 4309 595 4360 est
611 4306 778 4379 principium
792 4307 865 4364 entis
880 4306 941 4362 mri-
991 4324 1055 4365 men
1077 4308 1194 4375 falsum;
1214 4306 1283 4362 item
1303 4305 1340 4362 de
1359 4306 1485 4378 partibus
1504 4304 1629 4362 eontinui
1654 4303 1782 4361 divulsis.

150 4390 256 4446 versele
265 4389 295 4444 in
305 4390 464 4448 universali:
475 4389 549 4447 Ε.-
563 4392 656 4463 Maq'or
666 4396 799 4467 probatur
811 4393 941 4468 probabi·
991 4397 1093 4454 Verum
1108 4411 1161 4451 nos
1176 4393 1327 4450 assidentia
1347 4398 1377 4451 et
1390 4395 1467 4451 entia
1480 4393 1646 4466 iueompleta
1661 4392 1783 4448 removi·

150 4476 215 4533 liter
228 4478 265 4534 ab
274 4479 403 4552 analogia
413 4479 442 4551 2,
458 4480 524 4552 quia
539 4481 674 4555 principia
688 4483 940 4541 nnivermliannllo
991 4499 1053 4541 mus
1074 4487 1209 4541 anostra
1229 4483 1400 4539 memnone

150 4565 348 4623 aliodifferunt
357 4567 525 4642 asingnlari,
538 4568 678 4642 nisiquod
688 4586 707 4625 a
716 4573 811 4628 multis
821 4571 941 4644 singula·
1033 4572 1057 4641 f.
1074 4572 1123 4628 ll.
1156 4571 1280 4628 Secunda
1295 4571 1390 4644 opinio
1403 4576 1455 4645 ert,
1470 4587 1540 4644 qnae
1553 4569 1715 4643 negationes
1730 4586 1782 4642 po·

150 4654 227 4711 ribus
241 4653 379 4711 similibus
392 4656 595 4716 abstrahuntm.
623 4658 674 4714 Est
684 4658 735 4716 boo
749 4665 940 4732 argumentum
989 4660 1033 4716 nit
1053 4660 1219 4735 prineipimn
1239 4659 1475 4716 individnationis.
1523 4659 1570 4716 An
1596 4675 1664 4716 vero
1684 4673 1783 4731 quent·

148 4743 286 4803 Stablii.
326 4743 354 4798 3.
378 4743 571 4802 Dnraudus:
593 4746 745 4803 universale
759 4753 789 4804 et
803 4748 940 4820 singulm
989 4765 1073 4822 quam
1087 4749 1223 4824 habuerit,
1244 4749 1292 4821 qni
1312 4749 1472 4822 defendar-it,
1494 4748 1576 4805 valde
1594 4747 1702 4821 dubito,
1724 4747 1783 4803 nisi

149 4846 209 4888 uon
222 4830 353 4888 dill'erunt
366 4832 492 4889 realiter:
514 4833 546 4890 R
562 4833 665 4891 babent
679 4835 776 4891 eadem
789 4836 938 4909 principia:
990 4840 1061 4895 forte
1086 4838 1207 4910 aliquem
1231 4837 1421 4894 Nominnlium
1447 4837 1642 4895 ohsuuioram.
1687 4836 1782 4893 Tanto

149 4918 185 4976 Ε.
197 4919 298 4976 entitas
312 4923 381 4993 tota,
397 4936 467 4993 quae
482 4925 525 4978 ast
539 4921 703 4996 prinicipium
716 4923 937 5000 universalitatis,
989 4927 1077 4999 magis
1092 4931 1185 4983 autern
1200 4930 1355 4999 suspectum
1373 4931 1424 5000 est,
1446 4925 1521 4998 quod
1536 4924 1719 4983 Bassolius
1737 4943 1782 4982 re·

149 5008 203 5064 erit
212 5008 418 5081 singularitatis.
989 5016 1042 5071 fert
1063 5015 1205 5088 quonlam,
1228 5015 1277 5087 qui
1298 5015 1464 5089 principium
1485 5014 1622 5070 individui
1643 5013 1781 5070 dixissent

194 5096 219 5167 S.
232 5097 260 5153 8.
290 5099 318 5153 t.
333 5097 424 5155 Datur
431 5113 458 5153 s.
469 5114 496 5170 g.
513 5097 664 5155 inSoerate
679 5104 777 5157 natura
793 5099 938 5159 intrinsece
987 5103 1164 5160 existentiam
1178 5117 1241 5160 eum
1257 5103 1360 5176 dupliu‘
1374 5103 1529 5177 negatione,
1553 5101 1628 5177 qnod
1642 5102 1711 5159 satis
1727 5102 1781 5158 im·

149 5185 291 5259 adipsum
306 5185 502 5262 deminuta,
523 5187 597 5260 quod
610 5188 733 5246 oonoedit
749 5188 933 5263 Soneinas,
986 5191 1140 5267 probabile,
1163 5208 1213 5250 nee
1234 5193 1319 5251 ullam
1332 5192 1553 5250 eonveuieutiam
1569 5193 1661 5251 lubet.
1696 5191 1779 5248 Prae
