3706 5828
159 310 230 375 ffl
777 310 1172 372 PRAEFATIO.

163 447 239 515 «des
260 468 394 514 oerrmes
414 442 457 512 de
475 440 618 511 Leibnita
637 441 670 511 11
690 445 761 512 soin
782 443 823 511 de
843 443 965 513 donner
986 466 1027 512 en
1048 446 1148 513 entier
1169 453 1275 512 tontes
1297 467 1349 513 ses
1370 443 1531 514 lettres...
1580 442 1673 513 Noas
1694 466 1794 513 avons

162 564 246 654 ‚pris
267 560 298 629 11
319 562 401 652 parti
422 559 493 627 d'en
515 558 637 626 donner
657 559 698 626 ici
719 559 777 627 des
800 561 936 626 extraits.
978 557 1071 627 Nous
1088 584 1133 651 ,en
1154 583 1255 628 avons
1276 558 1441 628 retranchd
1461 558 1509 627 les
1529 559 1793 630 (1111111111ωέ-

160 676 385 769 ·taphysiques
413 677 468 767 qui
489 698 571 742 nous
592 684 649 741 ont
669 698 749 767 paru
776 684 849 764 hep
870 673 999 744 subtiles
1028 684 1062 742 et
1081 685 1153 767 trop
1175 674 1370 766 alembiques
1398 697 1481 766 pour
1501 674 1569 744 dtre
1591 673 1752 767 agrtables
1773 675 1793 742 ir

159 814 238 859 ‚nos
259 788 427 873 Lecteurs,
455 799 488 856 et
509 788 683 877 peut-dtre
704 789 812 856 meme
833 799 904 880 trop
926 788 1136 880 dangereuses
1157 789 1274 857 dds-lit
1300 813 1363 880 que
1384 812 1466 858 nous
1496 813 1538 859 ne
1559 792 1714 883 pouvions
1735 813 1794 881 pas

159 930 201 996 νγ
227 905 350 998 jaindre
374 904 421 973 les
448 904 607 996 re'pliques
636 902 676 971 de
703 903 761 970 ttr.
782 902 953 971 arnauld-
976 943 1023 955 -
1050 902 1161 995 ltaque
1182 908 1300 986 evenit,
1327 915 1364 972 ut
1383 905 1416 972 in
1437 903 1486 973 bis
1513 906 1697 996 fragmentis
1717 903 1794 973 nihil

154 1022 306 1102 invenias,
335 1020 421 1110 quod
442 1017 572 1087 consilio
594 1018 688 1110 hujus
710 1041 802 1086 meae
824 1018 969 1087 editionis
995 1018 1193 1111 respondeat
1237 1019 1295 1101 At,
1316 1022 1407 1110 quasi
1428 1019 1568 1112 cupediis
1589 1043 1648 1089 nos
1670 1019 1795 1088 allicere

155 1135 322 1217 voluisset,
345 1134 445 1202 editor
464 1135 523 1200 iste
544 1135 726 1226 fragmentis
749 1137 814 1202 suis
835 1137 1055 1202 mentiones
1077 1134 1239 1226 adspersit,
1262 1157 1353 1225 quae,
1376 1158 1474 1224 quam
1496 1137 1605 1227 gravia
1625 1136 1689 1203 sint
1710 1157 1793 1226 quae

154 1251 327 1331 reticuerit,
353 1256 538 1316 monstrant
583 1247 690 1316 Veluti
717 1272 759 1316 ex
787 1248 920 1340 epistola
941 1248 1135 1318 Leibnitiana
1162 1249 1530 1343 (1111111111686
1559 1249 1637 1319 nihil
1661 1251 1794 1319 inseruit

155 1389 187 1458 p.
201 1364 276 1432 190.
297 1367 358 1433 nisi
378 1365 568 1455 paucissima
581 1363 678 1430 verba
700 1365 906 1455 praeconium
921 1363 1059 1432 Arnaldo
1082 1365 1257 1447 tribuentia,
1279 1367 1380 1455 iisque
1400 1364 1484 1434 hanc
1505 1365 1674 1433 subnexuit
1691 1388 1792 1434 anno·

154 1483 322 1548 tationem:
369 1477 487 1546 ·Nous
509 1480 710 1570 supprimens
731 1477 763 1545 le
784 1487 867 1546 reste
889 1478 928 1546 de
950 1488 1034 1548 cette
1053 1477 1143 1548 lettre
1172 1482 1226 1570 qui
1249 1489 1297 1547 est
1318 1481 1382 1546 tries
1402 1478 1528 1573 longae
1571 1477 1794 1549 1111111111

159 1619 201 1688 ·y
227 1594 403 1687 developpe
431 1617 491 1662 son
511 1593 667 1683 systdme,
694 1617 757 1685 que
784 1591 815 1660 la
837 1596 947 1662 notion
975 1616 1021 1662 ou
1042 1595 1272 1663 consideration
1297 1593 1496 1663 individuelle
1523 1594 1655 1664 d'Adam
1681 1618 1725 1663 ou
1752 1594 1793 1662 de

30 1730 33 1735 ·
158 1721 268 1779 ·toute
290 1718 380 1777 autre
408 1731 564 1801 personne
585 1711 724 1776 enferme
750 1732 813 1776 une
834 1710 892 1776 fois
915 1733 997 1799 pour
1017 1717 1122 1777 toutes
1143 1708 1174 1777 la
1196 1711 1423 1778 connoissance
1443 1709 1484 1777 de
1504 1730 1543 1777 ce
1565 1734 1628 1802 que
1648 1709 1693 1779 lui
1714 1711 1792 1779 ani-

158 1849 254 1893 ·vera
276 1826 295 1892 1
314 1826 428 1916 jamah
450 1834 483 1891 et
503 1824 524 1890 a
544 1847 582 1890 sa
603 1824 780 1914 posterite'.·
817 1822 967 1891 Similiter
988 1826 1020 1890 in
1043 1824 1175 1916 epistola
1197 1824 1227 1892 d.
1244 1828 1295 1894 14.
1309 1823 1372 1892 Jul.
1389 1828 1477 1895 1686
1499 1827 1675 1916 conscripta
1695 1823 1790 1893 Leib-

47 1944 51 1960 '
153 1941 248 2010 nitius
270 1938 372 2007 multa
392 1938 433 2007 de
454 1937 595 2029 possibili
616 1948 649 2005 et
670 1937 784 2005 actuali
811 1936 1009 2006 disseruerat
1054 1940 1176 2025 Quibus
1205 1941 1330 2008 amasis
1352 1940 1452 2008 editor
1473 1939 1620 2009 lacunam
1640 1939 1691 2009 his
1710 1938 1791 2007 indi-

154 2064 207 2124 cat
227 2052 332 2121 verbis
352 2058 396 2146 (p.
419 2058 519 2141 193.):
545 2051 784 2121 »1111111111
807 2051 944 2143 emploie
963 2056 1040 2121 trois
1063 2054 1197 2146 grandes
1220 2078 1317 2147 peges
1339 2056 1359 2124 i
1379 2054 1492 2123 rendre
1513 2078 1565 2123 ses
1587 2058 1720 2148 penedes
1739 2058 1791 2124 in·

155 2169 348 2262 ·telligibles,
371 2179 404 2237 et
424 2169 445 2236 ir
467 2192 508 2236 en
529 2171 605 2238 faire
619 2171 696 2251 voir,
718 2167 827 2251 dit-il,
848 2166 880 2235 la
902 2167 1024 2236 solidite
1039 2178 1073 2237 et
1086 2167 1331 2260 l'irnportance.·
1366 2169 1465 2239 blulto
1488 2169 1793 2263 gravioravidentur

152 2287 265 2368 fuisse,
287 2305 370 2377 qrrae
390 2282 563 2352 Leibnitins
585 2286 750 2376 scripserat
772 2282 802 2350 d
824 2287 877 2351 28.
900 2282 982 2351 Nov.
1007 2289 1111 2365 16863
1139 2288 1229 2376 cujus
1252 2283 1402 2376 epistolae
1422 2288 1545 2355 initium
1566 2285 1598 2372 (t
1617 2307 1646 2355 1
1667 2285 1792 2377 11195)

153 2401 234 2471 baec
254 2402 394 2469 continet
413 2397 559 2467 Leibnitii
580 2398 690 2467 verba:
737 2397 846 2466 -pour
867 2421 905 2466 ce
927 2402 982 2490 qui
1009 2410 1059 2467 est
1086 2400 1143 2467 des
1166 2400 1250 2468 deux
1270 2400 1433 2469 (1111111111
1461 2425 1526 2493 que
1553 2424 1635 2470 vous
1660 2410 1793 2469 1111111

155 2516 255 2586 -dans
276 2539 332 2584 ma
352 2515 459 2597 lettre,
487 2513 572 2581 l’unc
595 2512 747 2582 touchant
772 2512 1025 2606 l'hypothese
1052 2515 1097 2583 dc
1124 2517 1159 2583 la
1186 2519 1493 2584 concomitance
1515 2538 1558 2584 ou
1577 2514 1714 2585 l’aocord
1734 2515 1792 2585 des

155 2630 360 2698 -substances
382 2628 552 2711 entr'ellcs,
579 2628 689 2698 l'autre
711 2628 862 2698 touchant
886 2628 919 2697 la
940 2641 1053 2698 nature
1079 2630 1135 2699 des
1157 2634 1273 2699 formes
1301 2631 1357 2699 des
1384 2630 1566 2699 substanoes
1593 2629 1792 2722 corporelles,

156 2750 300 2839 ·j'avoue
328 2744 458 2836 qu'elles
486 2753 559 2811 sont
580 2743 825 2827 considerables,
853 2755 886 2811 11
913 2748 940 2812 11
963 2749 1009 2838 j'y
1038 2749 1171 2838 pouvois
1193 2748 1343 2814 satisfaire
1364 2747 1585 2828 entierement,
1608 2748 1642 2837 je
1663 2748 1793 2815 croirois

155 2864 310 2954 ·pouvoir
336 2859 500 2928 de'chiffrer
527 2857 575 2926 les
604 2858 674 2950 plus
701 2859 818 2950 grands
844 2871 961 2927 secrete
990 2860 1088 2929 dela
1115 2871 1227 2930 nature
1254 2859 1474 2929 universale·
1542 2860 1643 2931 Avide
1668 2865 1792 2955 roganti

151 3000 230 3047 num
257 2975 319 3044 hoc
346 2976 416 3065 ipso
445 2984 590 3065 tempore
615 2972 789 3042 Leibnitins
820 2976 979 3066 integrum
1009 2987 1148 3067 systema
1173 2975 1357 3044 harmoniae
1383 2975 1612 3068 praestabilitae
1638 2981 1706 3069 jam
1733 3002 1790 3046 ex-

152 3101 322 3174 structum,
361 3099 416 3157 aut
441 3099 528 3156 certe
555 3091 641 3157 111111
668 3093 737 3181 ejus
768 3090 893 3157 inventa
925 3088 1083 3174 habuerit,
1123 3091 1223 3159 editor
1248 3091 1417 3184 respondet
1443 3096 1490 3183 (p.
1514 3094 1595 3179 195)
1624 3091 1792 3161 -Leibnita

155 3203 312 3295 ‚ernploie
333 3207 407 3294 pres
428 3203 469 3271 dc
490 3202 559 3271 huit
581 3203 715 3296 grandes
736 3227 835 3296 pages
857 3205 877 3271 11
898 3205 1053 3296 repondre
1076 3206 1095 3273 a
1117 3229 1170 3273 ces
1193 3207 1277 3274 deux
1298 3205 1488 3275 difficultis·
1521 3218 1565 3256 -—'
1587 3206 1681 3276 Haud
1702 3206 1792 3276 aliter

151 3319 303 3414 epistolae
325 3319 494 3412 Gottingae
520 3318 549 3386 d.
578 3319 630 3385 30.
651 3319 727 3409 Apr.
756 3323 845 3389 1687
872 3323 1069 3413 conscriptae
1096 3345 1162 3389 non
1188 3322 1248 3388 nisi
1275 3321 1438 3389 exordium
1464 3321 1599 3413 legimus
1627 3325 1675 3412 (p
1697 3326 1791 3410 196),

152 3439 207 3504 cui
228 3437 394 3528 subjuncta
417 3433 566 3503 cethaee
588 3436 761 3502 annotatio:
809 3435 967 3504 ·Toutle
992 3445 1076 3503 11111
1103 3435 1143 3501 de
1164 3446 1246 3503 cette
1269 3434 1359 3504 lettre
1386 3434 1502 3502 dedis
1529 3434 1663 3528 grandes
1691 3461 1791 3528 peges

152 3562 222 3620 ·est
254 3550 402 3644 employe'
436 3554 456 3618 ὲ
483 3548 714 3617 ladiscussion
749 3549 804 3617 des
834 3550 919 3618 deux
946 3550 1112 3618 difficultis
1147 3552 1363 3619 mentionnees
1397 3550 1476 3619 dans
1503 3549 1534 3618 la
1559 3550 1651 3619 lettre
1677 3554 1789 3643 prece'-

152 3665 296 3736 ·dente.·
326 3706 370 3718 -
398 3665 513 3733 lisdem
540 3664 675 3755 denique
697 3663 799 3732 verbis
820 3669 1087 3758 exspectationem
1108 3677 1248 3734 nostram
1270 3667 1399 3732 frustrat
1419 3664 1527 3748 editor,
1548 3687 1624 3733 cum
1646 3670 1688 3757 (p.
1712 3672 1790 3754 197)

150 3779 302 3872 epistolae
333 3780 363 3847 d
391 3785 422 3848 9.
451 3780 522 3847 Oct
553 3782 640 3848 1687
669 3780 866 3869 conscriptae
895 3779 1000 3848 solum
1028 3782 1192 3850 exordium
1221 3790 1254 3849 et
1281 3780 1376 3847 finem
1405 3779 1563 3862 exltibeat,
1599 3778 1684 3848 illam
1710 3808 1789 3851 vero

150 3903 287 3987 partem,
320 3916 403 3983 qrsae
429 3897 536 3987 ipsum
566 3903 789 3986 argumentum
815 3904 943 3978 tractet,
971 3899 1109 3978 omittat,
1143 3898 1274 3987 ejusque
1294 3897 1327 3964 in
1349 3894 1419 3964 loco
1448 3893 1527 3962 haec
1554 3895 1651 3963 verba
1677 3909 1788 3988 ponat:

152 4007 215 4076 ·tt
237 4007 378 4076 Leibnitz
399 4012 454 4077 fait
474 4012 516 4077 ici
544 4033 584 4077 en
607 4011 679 4099 pres
705 4008 865 4078 (11111111
893 4013 1028 4102 grandes
1050 4036 1148 4104 pages
1175 4009 1465 4102 laricapitulation
1493 4010 1534 4078 de
1557 4019 1645 4079 toute
1664 4008 1696 4077 la
1718 4036 1787 4081 ma·

154 4124 262 4203 ntiere,
285 4123 378 4214 apres
400 4125 477 4214 quoi
497 4122 603 4190 illinit
623 4125 703 4190 ainsi
724 4133 803 4191 etc·
817 4165 862 4177 -
884 4127 1008 4212 Quibus
1031 4127 1178 4195 omnibus
1200 4126 1321 4193 collatis
1336 4127 1495 4193 neminem
1517 4128 1657 4218 profecto
1669 4125 1788 4212 latebit,

149 4238 190 4306 sd
212 4239 390 4307 accuratius
412 4238 664 4330 cognoscendam
686 4237 917 4332 philosophiam
927 4240 1072 4309 Leibnitii
1093 4241 1155 4311 hoc
1170 4243 1299 4308 maximi
1313 4264 1384 4308 esse
1406 4242 1568 4323 momenti,
1588 4250 1625 4308 ut
1647 4264 1704 4309 eae
1719 4245 1787 4332 epi·

129 4353 249 4422 'stolae
270 4355 303 4420 in
318 4351 425 4422 lucem
447 4352 589 4421 edantur.
621 4353 751 4421 Etcum
774 4378 812 4423 ea
834 4357 875 4422 sit
893 4354 967 4423 felix
988 4354 1152 4423 hominum
1173 4355 1293 4423 indoles
1308 4365 1353 4436 ut,
1375 4378 1458 4445 quae
1479 4355 1594 4447 cupido
1610 4365 1641 4425 et
1664 4355 1787 4426 deside·

148 4470 231 4536 num
253 4478 492 4560 prosequantur,
513 4490 553 4535 ea
574 4491 648 4560 spes
669 4470 813 4538 ostendat
828 4480 991 4561 nmquam
1013 4471 1129 4561 adeptu
1150 4470 1261 4554 facilia,
1282 4469 1374 4538 multi
1392 4472 1426 4539 ni
1438 4468 1537 4552 fallor,
1558 4473 1613 4563 qui
1633 4471 1788 4541 inFederi

148 4581 332 4651 collectione
358 4606 455 4674 supra
475 4582 601 4651 laudata
628 4583 710 4651 hanc
731 4588 965 4654 mactationem
985 4585 1132 4677 legerint,
1159 4583 1202 4653 illi
1224 4585 1264 4653 ad
1285 4584 1476 4677 Bignonium
1497 4585 1648 4677 epistolae
1674 4585 1786 4678 adjun-

149 4707 249 4764 ctam:
298 4696 386 4766 ·Les
406 4698 516 4767 lettres
542 4722 607 4766 non
627 4700 810 4790 imprimdes
832 4699 1004 4769 d'hmauld
1030 4711 1063 4769 et
1090 4699 1130 4767 de
1151 4698 1308 4784 Leibnitr,
1336 4724 1412 4792 que
1437 4698 1475 4767 la
1503 4699 1787 4792 Bibliothtque

111 4792 116 4814 ¹
151 4812 308 4904 ·garde,
338 4823 394 4881 ont
422 4815 473 4880 111
501 4811 692 4880 demandees
720 4837 760 4881 en
789 4819 895 4908 copies
923 4840 980 4909 par
1001 4815 1096 4907 Megr.
1118 4814 1149 4882 le
1170 4813 1330 4882 llarechal
1351 4814 1480 4883 blortier
1508 4839 1589 4907 pour
1609 4839 1653 4883 un
1675 4827 1787 4884 savant

23 5017 29 5023 ,
153 4927 211 4996 «111
232 4929 331 5011 Paris,
353 4934 431 4997 c’est
452 4930 609 5019 pourquoi
634 4931 668 5020 je
689 4952 742 4995 me
764 4931 831 4995 suis
853 4931 985 4999 abstenu
1007 4930 1048 5000 de
1068 4929 1114 4997 les
1136 4930 1255 4997 inserer
1277 4932 1332 5012 ici,
1353 4952 1396 4998 ne
1415 4929 1546 4999 roulant
1566 4954 1623 5021 pas
1646 4953 1786 4998 concon·

152 5047 214 5114 »rir
234 5066 312 5113 avec
338 5043 369 5112 le
391 5044 495 5113 dessin
525 5049 621 5135 qu'on
643 5045 784 5135 pourroit
811 5047 899 5113 avoir
928 5070 969 5114 en
991 5026 1113 5114 France
1142 5042 1249 5113 deles
1270 5047 1347 5113 faire
1367 5047 1568 5138 imprimer,·
1595 5084 1639 5096 --
1667 5045 1699 5113 id
1721 5069 1787 5114 non

148 5160 301 5228 curabunt
324 5159 409 5249 quod
430 5160 571 5230 Federus
592 5182 761 5229 numeram
783 5160 987 5252 epistolarum
1008 5184 1073 5230 non
1095 5159 1221 5246 indicat,
1243 5159 1301 5230 sed
1323 5161 1428 5229 statim
1450 5157 1592 5244 credent,
1619 5163 1652 5228 in
1675 5159 1785 5229 biblio-
