3706 5828
778 440 986 530 XLVIII.

836 619 917 692 DE

189 785 474 907 annuus
535 702 1106 909 omomlrronu
1169 785 1558 913 moretur.

741 1094 1008 1183 1697.

229 1357 440 1417 (autumpnum
457 1360 604 1408 leibnitii
624 1362 731 1408 nendum
753 1361 854 1424 editum
873 1375 888 1409 ο
905 1360 1005 1411 seriniis
1021 1359 1189 1408 Bibliothecae
1205 1359 1301 1417 neriae
1318 1356 1528 1424 llanoveraueo.)

631 1417 839 1441 Ἣ

101 1596 219 1652 Praeter
245 1597 406 1654 Mundum
428 1614 477 1655 seu
503 1599 737 1672 Aggregatum
757 1613 849 1656 samm
899 1614 953 1671 que
967 1597 1008 1655 ita
1021 1597 1185 1656 veniendum
1199 1597 1693 1687 maQstmtthy·

54 1684 211 1756 finitarum,
235 1685 317 1742 datur
337 1687 431 1743 Unum
455 1687 568 1760 aliquod
582 1688 776 1760 dominans,
791 1702 850 1743 non
899 1687 1048 1768 PQEQ
1068 1702 1139 1759 quae
1157 1702 1201 1742 res
1219 1685 1317 1742 muudi
1336 1688 1499 1760 posteriores
1518 1678 1689 1762 aptioribis

55 1778 171 1829 mutmn
180 1777 212 1829 ut
221 1773 253 1829 in
262 1790 308 1832 me
317 1775 419 1848 anima,
425 1776 470 1831 vel
479 1775 572 1848 potius
583 1776 654 1832 utin
665 1792 727 1833 meo
736 1791 850 1849 oorpore
900 1775 1071 1847 atenim,
1090 1774 1127 1831 ad
1139 1773 1243 1846 aliquid
1255 1775 1329 1847 quod
1343 1775 1381 1831 sit
1393 1776 1688 1854 QQQQB

55 1860 227 1944 Qum,
241 1863 290 1919 sed
303 1864 387 1919 etiam
401 1864 508 1919 ratione
523 1864 611 1921 multo
624 1865 730 1921 altiore
756 1864 851 1920 Unum
899 1862 1153 1938 QQJQ
1166 1860 1244 1932 errius
1252 1863 1324 1920 ratio
1334 1864 1411 1920 reddi
1421 1881 1478 1920 non
1488 1865 1583 1938 possit
1606 1867 1676 1922 Mun

10 2010 12 2017 ,
56 1949 134 2006 mim
148 1950 622 2008 domimmnuiversiuontantum
635 1952 851 2026 regitmuudum
900 1953 951 2009 dm
965 1952 1181 2024 enimpraeseus
1232 1951 1688 2032 ydeeamhypotietioemnvuu

56 2039 105 2095 sed
126 2042 159 2094 et
177 2039 296 2096 abdat
313 2045 342 2097 et
362 2041 428 2097 tacit
446 2044 475 2096 et
488 2042 592 2098 mundo
611 2045 653 2098 est
666 2040 791 2115 superius
811 2044 849 2114 et,
900 2041 1025 2098 absoluto
1043 2057 1092 2096 seu
1110 2040 1239 2112 metaphy
1253 2040 1294 2097 'ee
1311 2032 1547 2100 ast'neoessarius.
1580 2043 1688 2116 Nempe

58 2127 266 2203 ΨΜ,
286 2128 547 2198 extramundanum,
562 2134 657 2202 estque
670 2129 739 2186 adeo
753 2129 851 2186 ultima
900 2129 991 2203 posito
1008 2130 1083 2203 quod
1101 2126 1186 2185 semel
1205 2128 1269 2184 talis
1288 2129 1336 2201 sit,
1355 2146 1524 2202 oomequeus
1541 2135 1598 2205 et,
1619 2133 1687 2189 talia

57 2214 130 2271 ratio
144 2232 245 2272 rerum
268 2216 340 2272 Nam
353 2233 411 2272 non
424 2217 573 2273 tantumin
586 2218 850 2291 nullosingulorum,
899 2235 982 2292 porro
1002 2216 1084 2274 nasei
1127 2216 1265 2282 Qiouiam
1285 2217 1369 2290 igitur
1386 2218 1484 2274 uitium
1502 2219 1584 2275 radix
1604 2219 1686 2278 debet

61 2303 108 2360 ssd
127 2319 181 2360 uae
200 2303 232 2360 in
245 2308 306 2361 toto
319 2309 464 2379 aggregato
483 2306 604 2379 serieque
622 2323 715 2364 rerum
732 2305 851 2362 inveniri
899 2323 960 2363 esse
973 2305 1114 2378 inaliquo,
1126 2304 1455 2379 quodsitmetophysioae
1465 2308 1643 2381 neeemitatis,
1658 2311 1687 2366 et

61 2397 152 2465 potest
163 2393 302 2450 madens
316 2394 388 2451 ratio
403 2395 546 2450 existendi.
568 2396 715 2468 fingamus
725 2396 851 2451 Elemeu·
899 2395 970 2452 ratio
980 2394 1123 2452 existentis
1133 2410 1190 2451 non
1200 2398 1242 2450 est
1251 2393 1304 2450 nisi
1314 2394 1351 2451 ab
1356 2395 1499 2469 existente,
1510 2396 1572 2453 lrine
1577 2400 1687 2471 oportet

10 2528 12 2539 .
62 2484 153 2538 irum
165 2483 392 2555 geoneaioorun
405 2483 507 2540 libnrm
521 2483 603 2540 aisse
613 2489 762 2557 aeternum,
779 2499 850 2539 sem·
898 2484 1010 2556 aliquod
1020 2483 1137 2540 enatae
1145 2498 1194 2538 ens
1203 2498 1289 2538 unum
1300 2483 1500 2556 metaphysieae
1508 2485 1686 2559 neoessitatia,

10 2578 12 2583 '
64 2568 515 2645 pualitmiexaliodesmiptum,
531 2576 614 2644 patet,
628 2571 850 2628 etsiratioreddi
898 2589 946 2628 sen
960 2573 994 2628 de
1008 2570 1086 2640 cuitus
1098 2569 1215 2628 mentia
1229 2570 1435 2645 sitexisteutio,
1455 2573 1621 2645 atqueadeo
1635 2573 1686 2630 ali·

66 2657 150 2730 pedi
176 2659 328 2732 praesentis
346 2659 412 2716 libri
430 2676 467 2716 ex
485 2659 633 2733 praeterito
651 2660 724 2717 uude
741 2664 784 2717 est
802 2661 849 2717 de-
897 2661 971 2733 quod
989 2660 1106 2716 existere
1123 2660 1263 2716 diversum
1275 2658 1312 2715 ab
1326 2659 1432 2716 entium
1445 2661 1618 2736 pluralitate,
1636 2678 1686 2719 seu
1799 2706 1803 2717 .

68 2746 190 2820 upon,
212 2763 272 2804 non
284 2752 377 2804 tamen
390 2764 427 2804 ex
440 2753 611 2820 quotcunque
623 2749 702 2805 libris
716 2753 791 2805 retro
806 2765 849 2804 as-
898 2749 1015 2821 mundo‚
1040 2764 1123 2821 quem
1147 2747 1348 2819 metaphysieae
1364 2749 1530 2805 nenessitabis
1548 2766 1606 2807 uon
1626 2766 1685 2808 ema

69 2834 158 2891 ds
173 2851 297 2909 unqmm
316 2835 403 2892 veniri
424 2837 460 2893 ad
479 2836 616 2893 rationem
636 2838 759 2910 plenam,
785 2852 849 2893 eum
897 2837 1076 2894 ooneessimus
1089 2836 1318 2908 ostendimusque

69 2939 167 2998 mmm
178 2924 276 2981 mirari
288 2924 377 2997 liceat
391 2941 440 2980 eur
453 2926 489 2981 ab
504 2925 580 2981 omni
594 2930 717 2999 tempore
730 2925 794 2982 libri
808 2932 850 2982 ta·
941 2927 980 2982 Ut
993 2930 1086 2982 autem
1101 2924 1183 2997 riuulo
1197 2923 1351 2981 distinctius
1365 2924 1532 2997 explioemus
1545 2926 1689 2997 quomodo

71 3010 104 3067 lu
118 3012 275 3085 atiter‘nt,
295 3029 343 3069 eur
361 3013 427 3069 libri
450 3013 552 3069 scilieet
570 3018 599 3069 et
617 3031 665 3071 eur
684 3015 723 3071 sie
736 3014 848 3088 seriptit
898 3031 935 3071 ex
948 3013 1109 3072 ventatibus
1127 3012 1245 3070 aeternis
1263 3013 1321 3069 sive
1340 3013 1529 3071 essentialibus
1541 3014 1586 3071 vel
1600 3015 1686 3072 meta&

10 3146 14 3157 .
70 3100 142 3165 ersi
152 3100 188 3158 de
199 3101 287 3174 libris,
301 3101 375 3158 idem
389 3101 423 3157 de
436 3102 532 3158 mundi
546 3102 660 3159 divesis
673 3103 790 3160 statibus
804 3119 849 3158 ve·
897 3103 1016 3177 physicis
1029 3103 1153 3160 oriantur
1165 3101 1294 3158 velitatus
1307 3103 1479 3174 temporales,
1497 3102 1687 3177 contingentes

10 3194 13 3245 t
71 3205 124 3246 ru
134 3194 186 3264 ert,
196 3206 313 3264 sequens
325 3190 400 3247 euim
413 3190 616 3262 quodammodo
624 3208 664 3248 ex
673 3192 849 3265 pmeaerlente
897 3191 956 3248 siue
969 3191 1110 3266 physioae,
1131 3185 1251 3264 prinlum
1264 3205 1410 3262 agnossem
1423 3189 1553 3247 debemus
1567 3208 1601 3248 eo
1614 3190 1685 3266 ipso,

70 3277 129 3347 (eti
140 3279 222 3336 sertis
234 3279 360 3335 mutandi
373 3278 497 3351 legibus)
516 3284 558 3336 ost
572 3280 733 3354 desariptns,
756 3280 849 3352 itaque
897 3280 970 3353 quod
989 3279 1093 3353 aliquid
1108 3278 1198 3352 potius
1211 3278 1306 3335 existit
1319 3294 1403 3352 quam
1415 3278 1500 3352 nihil,
1520 3279 1640 3353 aliquam
1654 3280 1685 3336 in

69 3372 198 3441 usque
214 3384 350 3441 regressus
370 3367 453 3424 ineis
466 3368 497 3423 in
509 3372 596 3424 status
609 3369 767 3441 anteriores,
779 3385 849 3424 nun·
897 3369 979 3426 rebus
997 3368 1184 3443 possibilibus,
1203 3383 1252 3424 seu
1269 3367 1300 3423 in
1314 3367 1374 3440 ipsa
1387 3367 1570 3440 possibilitate
1583 3369 1628 3425 vel
1643 3385 1685 3424 es-

69 3470 144 3528 pus
161 3455 193 3512 iu
211 3456 329 3512 statibus
346 3456 482 3513 rationem
501 3458 613 3529 plenam
630 3457 776 3530 repereris,
801 3473 849 3512 eur
898 3457 1000 3531 sentia,
1022 3475 1081 3514 esse
1094 3456 1261 3530 exigentiam
1273 3455 1445 3528 existentiae,
1460 3456 1504 3512 vel
1524 3453 1578 3530 (ut
1590 3455 1630 3513 sie
1643 3456 1686 3513 di·

69 3543 164 3602 diet
181 3543 282 3617 aliquis
295 3544 332 3600 sit
346 3544 437 3617 potius
450 3546 582 3618 mundus,
601 3549 631 3601 et
643 3563 691 3601 our
704 3545 776 3601 talis
804 3544 849 3600 Li·
898 3547 980 3617 eam)
999 3545 1216 3620 praetensionem
1233 3544 1269 3600 ad
1293 3543 1466 3600 existendum
1485 3547 1528 3615 et,
1548 3547 1580 3600 ut
1599 3545 1685 3602 verbo

67 3632 849 3707 uegomunoumaeternrmnngaes,oumameu
898 3633 1240 3708 eompleetar,essentiam
1262 3631 1686 3705 persetendereadexisteu·

66 3720 130 3778 fii
141 3737 231 3794 ponas
243 3721 299 3778 uisi
312 3725 433 3777 statuum
446 3721 654 3795 sommiorum,
674 3739 724 3779 nee
738 3721 769 3778 in
782 3737 850 3794 quo·
898 3724 975 3779 tiam.
1007 3723 1087 3779 Unde
1101 3739 1184 3796 pono
1197 3720 1331 3792 sequium
1351 3719 1446 3777 omnia
1459 3719 1615 3794 possibilia,
1635 3737 1685 3778 seu

66 3808 129 3866 bet
140 3826 237 3867 smum
250 3809 387 3867 rationem
399 3811 578 3866 sufficientem
587 3811 715 3884 reperias,
730 3811 787 3868 imo
797 3826 849 3867 nee
898 3811 1044 3868 mentium
1068 3811 1112 3866 vel
1135 3809 1286 3867 realitatem
1310 3807 1470 3881 pom‘bilem
1493 3808 1683 3882 exprimentia,

65 3902 231 3971 piumque
243 3899 371 3955 assumtis
384 3899 428 3955 vel
442 3899 586 3954 minimum
600 3899 723 3972 protioias
737 3900 774 3955 ad
787 3898 849 3956 rad·
897 3899 957 3974 pari
974 3899 1038 3969 jure
1055 3899 1092 3956 ad
1110 3898 1259 3956 essentiam
1279 3897 1390 3954 tendere
1408 3913 1459 3970 pro
1477 3897 1630 3968 quantitate
1643 3915 1685 3955 es·

64 3987 333 4060 inclamationem,
348 3991 424 4059 patet
436 3988 649 4043 alibirationem
663 3988 847 4059 qmneudam
896 3988 1000 4045 sentiae
1023 4005 1071 4046 seu
1094 3986 1241 4060 realitatis,
1266 3985 1312 4043 vel
1335 4001 1385 4058 pro
1406 3984 1685 4059 graduperteetiouis

63 4090 124 4132 na.
156 4075 191 4132 ln
205 4076 322 4132 aeta-uis
335 4075 425 4148 enim,
448 4076 499 4131 etsi
513 4077 589 4133 nulla
602 4092 685 4132 eausa
698 4081 782 4148 esset,
805 4079 847 4132 ta·
896 4093 977 4150 quern
990 4076 1149 4146 involvuutq
1163 4074 1427 4147 estenimperieetio
1437 4073 1685 4148 nihilaliudquam

63 4178 124 4223 u
134 4163 211 4221 atio
224 4163 340 4238 intelligi
353 4164 443 4236 debet,
457 4165 570 4237 quaein
584 4165 791 4238 persistentibus
805 4169 847 4221 est
894 4164 1028 4223 esseutiae
1040 4164 1187 4238 quantitas

63 4250 119 4326 ’μ
135 4252 285 4309 mneritas
305 4269 353 4309 seu
367 4253 496 4325 wanlia,
511 4253 541 4308 in
560 4254 630 4310 serie
647 4269 713 4310 vero
728 4252 847 4309 mutabi-
940 4253 1012 4310 ilinc
1031 4270 1096 4309 vero
1110 4250 1331 4311 manifestissime
1344 4250 1505 4324 intelligitur
1519 4267 1557 4307 ex
1570 4251 1686 4307 infinitis

63 4339 136 4414 h,
149 4340 176 4397 ι’
188 4340 256 4398 ines
268 4345 378 4398 aeterna
390 4358 409 4397 a
423 4342 514 4414 priore
527 4340 680 4415 tingeretur,
702 4345 773 4399 soret
786 4342 848 4415 ipsa
870 4366 874 4450 p
897 4341 1069 4416 possibilium
1087 4339 1335 4398 oombiuationibus
1353 4340 1527 4411 seriebusque
1546 4339 1684 4412 possibili·

61 4428 245 4503 melantia
257 4429 465 4487 indinationum
478 4434 511 4486 ut
524 4445 592 4486 mox
604 4429 779 4504 intelligetur,
799 4429 848 4487 ubi
897 4431 949 4488 bus
962 4430 1078 4486 existere
1087 4445 1159 4502 eam,
1170 4444 1220 4501 per
1232 4443 1317 4501 quam
1328 4428 1478 4502 plurimum
1490 4427 1625 4484 essentiae
1634 4444 1685 4485 seu

61 4518 180 4577 m
197 4518 301 4576 scilieet
313 4535 371 4574 non
384 4518 547 4575 neeessitaut
565 4517 712 4587 (absoluta
729 4536 778 4575 seu
791 4535 848 4576 ma-
897 4517 1085 4592 poasibilitatis
1098 4516 1253 4591 perduaitsrr
1262 4517 1299 4574 ad
1308 4516 1490 4573 existendum.
1512 4516 1623 4591 Semper
1633 4517 1685 4575 sei·
1788 4512 1791 4518 ’

61 4607 201 4682 uby-'m
218 4607 378 4665 amenitate
395 4611 427 4662 ut
444 4608 611 4664 oona-arium
629 4606 778 4680 implioet),
800 4607 848 4664 sed
898 4608 961 4665 lieet
979 4606 1071 4663 estin
1088 4606 1171 4664 rebus
1184 4605 1348 4679 principium
1361 4604 1597 4662 determinationis
1609 4606 1684 4678 quod

61 4695 201 4754 unns
233 4695 279 4752 Ex
303 4695 401 4768 quibus
424 4699 500 4768 patet
521 4711 574 4752 nee
592 4695 734 4769 supposita
751 4695 849 4753 mundi
897 4694 1051 4752 amaximo
1065 4693 1431 4768 minimovepetendumest,
1446 4693 1683 4766 utuempemaxi·

60 4784 222 4843 mulae
243 4784 370 4841 ultimam
392 4784 527 4841 rationem
537 4801 637 4859 'rerum
655 4786 849 4844 exuamnuda·
897 4801 958 4841 mus
972 4787 1124 4857 praestatm
1135 4784 1247 4841 effeetus
1260 4781 1377 4838 minimo
1389 4785 1422 4838 ut
1434 4781 1572 4839 siedioem
1582 4784 1682 4837 armar.

61 4871 489 4947 namneumeffngiposse.
897 4868 1685 4946 Ethoolomtempusloeus,aututverbodieam,m

99 4961 235 5019 Rationes
258 4960 342 5034 igitur
366 4961 462 5019 mundi
487 4961 624 5018 latentia
643 4961 736 5037 aliquo
756 4966 848 5018 extr-e-
897 4960 1039 5036 eaptivitas
1061 4961 1107 5018 vel
1129 4960 1265 5033 eapeoitas
1289 4959 1385 5016 mundi
1409 4957 1503 5016 haberi
1520 4960 1611 5030 potet
1629 4973 1682 5030 pro

61 5050 214 5133 Q,
233 5048 376 5106 diii'erente
399 5067 417 5106 a
435 5053 533 5124 QQ
551 5054 689 5125 statuum,
710 5064 759 5106 seu
778 5049 847 5106 serie
897 5054 989 5106 sumtu
1005 5048 1063 5106 sire
1077 5053 1185 5106 terreno
1199 5043 1682 5121 inquoquamoommodiasimeest

61 5154 157 5213 mm,
169 5153 289 5214 qmrmn
298 5143 473 5214 aggregatum
483 5139 616 5198 mundum
626 5137 774 5197 eonstituit
797 5138 848 5195 at·
898 5138 1110 5212 aedificandum
1131 5142 1280 5198 termarum
1298 5141 1391 5280 app?
1408 5133 1552 5190 vaietetes
1569 5149 1681 5210 respon-
