3706 5828
446 303 1316 407 -mn'sunnss-usmsmuaun-nu
1653 336 1719 413 tlt

96 500 155 542 ease
174 486 294 542 lormem
317 484 524 559 informantem,
547 501 598 543 seu
620 487 742 544 animm
765 490 891 562 eorporis
930 487 1065 562 sophaudi
1083 486 1248 561 libantem,
1271 503 1342 560 quae
1358 489 1569 551 aemulationum
1585 496 1675 570 perit,
1693 503 1722 556 et

95 574 216 644 orgmiei
231 572 341 648 qmeei
355 575 534 648 paeonehter
542 576 620 631 nuile
632 579 686 649 est,
699 576 755 632 alia
764 579 889 650 quaestio
930 575 1039 650 ingenia
1054 576 1169 634 uellate
1193 582 1290 633 uonna
1302 577 1390 633 aniusi
1402 579 1533 639 servitute
1546 583 1720 660 dejiciuutur,

94 663 888 739 esaetesrtosemuinpmeedeutelipistulaexposito
930 680 1018 738 noque
1036 664 1305 739 diquidegegiiab
1324 666 1720 744 iismmqmbmmbil

93 752 301 825 negasipotest.
321 751 887 812 Videshineetiamtoliisubstantimin·
929 754 1080 827 indulgeas.
1100 752 1455 830 lumelmliettlispsui,
1470 762 1719 831 quommexciau

92 841 252 914 eomplms,
268 845 421 897 momhum
435 841 466 896 iu
479 856 544 897 ven
556 840 739 915 Philosophia
928 842 1718 925 suutiugenie,tamparumiuPhiloeophiapraestsnt‚quie

137 930 181 986 De
198 935 270 986 statu
289 929 399 986 enimse
414 929 550 987 lnuauae
568 935 711 1003 mistae
728 930 797 988 nihil
815 932 885 991 eerti
927 930 1010 987 limis
1022 936 1168 988 arctantur.
1190 931 1267 996 Quae
1280 931 1490 1002 Tammigiue
1503 935 1718 1011 illoPssudmy·

92 1017 205 1075 delinire
229 1034 355 1093 possum
382 1034 447 1074 eum
472 1022 579 1091 praeiet
602 1018 729 1088 &mum
753 1019 884 1095 Natum,
926 1036 989 1077 mus
1001 1018 1106 1095 eoribit,
1125 1018 1502 1094 publioeutGalliatueutur
1515 1025 1717 1087 muilieruditi.

92 1106 135 1163 hio
148 1107 246 1164 induet
258 1108 384 1178 Regnum
398 1107 520 1163 Gratiae.
562 1108 618 1164 (hu
632 1110 725 1165 aulem
739 1114 813 1166 serta
825 1125 885 1167 ma·
968 1108 1083 1183 suipsit
1098 1107 1167 1166 olim
1185 1107 1285 1182 mmuh
1303 1109 1530 1168 concordiam
1543 1114 1716 1174 scientiae

90 1196 348 1269 teriesemrdsipsi
358 1195 883 1274 affigaturusqueadltosmseotiouam
925 1213 1000 1254 oum
1013 1197 1087 1256 lide
1100 1196 1151 1255 mh
1164 1197 1278 1255 nomine
1289 1196 1436 1255 Thomas
1449 1197 1614 1261 Bonsrtis
1627 1204 1716 1263 Nord-

88 1284 418 1352 oauaampullamvideo
925 1286 985 1343 mni
998 1286 1092 1360 Angli.
1132 1286 1206 1343 Eum
1225 1301 1264 1343 ex
1281 1291 1373 1343 vestro
1397 1287 1482 1345 tuisse
1500 1289 1609 1365 ordine,
1629 1299 1659 1349 et
1678 1294 1716 1353 ob

134 1374 199 1431 Non
217 1373 332 1430 uini
350 1373 442 1430 dioero
459 1374 534 1446 quod
559 1373 650 1431 omnis
670 1373 828 1432 medenis
845 1374 884 1432 sit
925 1374 1027 1431 librum
1041 1373 1261 1447 mondoum
1270 1373 1428 1432 mannase
1437 1374 1535 1433 diditi:
1558 1380 1649 1453 ipsum
1663 1383 1716 1441 viri

89 1462 216 1536 spiritus,
236 1462 383 1535 mhmque
396 1462 467 1518 hene
479 1462 692 1536 appellationem
706 1480 816 1521 maie
839 1479 883 1520 sa·
924 1479 1026 1521 uonaeu
1053 1462 1153 1520 vellem
1180 1462 1292 1519 diaeum
1340 1463 1476 1520 &nuncio
1506 1471 1555 1525 tuo
1584 1468 1716 1529 babemus

89 1550 237 1607 tiouelibus
255 1550 430 1607 iinteleslniss
451 1551 526 1624 quod
545 1567 602 1607 uon
623 1554 714 1608 omnis
728 1552 882 1609 Fnteleohia
924 1552 1027 1609 librum
1044 1551 1114 1625 ejus,
1135 1551 1266 1624 salpiam
1284 1553 1420 1623 elegante
1440 1557 1469 1609 et
1486 1552 1639 1632 ingeniose,
1666 1560 1716 1619 aad

88 1636 205 1695 rationis
218 1640 256 1696 sit
268 1654 365 1714 sapas,
375 1640 436 1709 mm
449 1639 553 1696 dudum
567 1639 637 1714 dixi,
649 1656 713 1697 oum
723 1657 781 1698 nou
790 1641 881 1698 omnis
923 1640 1139 1698 ommrimcute:
1167 1639 1260 1713 itaquo
1278 1656 1336 1697 nun
1347 1640 1416 1697 satis
1428 1647 1557 1699 excutere
1568 1645 1654 1703 lisuit
1685 1649 1715 1707 εἳ

87 1728 125 1783 sit
137 1728 181 1784 sui
194 1728 312 1802 eomeia,
326 1744 374 1785 eeu
387 1729 520 1785 rationive
533 1733 596 1785 solu
610 1728 743 1802 praedite.
776 1730 837 1787 Hae
850 1729 880 1787 ui
923 1728 975 1786 tibi
989 1730 1076 1786 kanis
1088 1744 1144 1786 nou
1157 1732 1209 1802 est,
1224 1734 1253 1785 et
1265 1729 1321 1798 legi
1333 1729 1431 1803 dgnus
1444 1729 1560 1805 videtur,
1575 1735 1695 1795 miens

88 1816 170 1873 ialior
188 1817 367 1891 peripaoetiei,
386 1817 546 1874 'l'homisteo
563 1818 697 1892 inprimis,
717 1819 766 1892 qui
781 1818 880 1875 indivi-
965 1818 1038 1884 Quia
1051 1816 1105 1875 tibi
1116 1833 1180 1874 oum
1193 1817 1435 1876 Trivultianie
1453 1823 1647 1880 oommemium
1659 1830 1713 1901 eet,

85 1904 179 1961 sibiles
198 1906 737 1981 emesenutetiamssrutorumaumas,
757 1906 879 1965 nonob-
921 1905 993 1980 vide,
1018 1921 1132 1979 quaeum
1153 1921 1191 1963 au
1210 1906 1339 1963 schedam
1357 1904 1493 1977 adjectam
1512 1908 1548 1965 iis
1570 1914 1715 1971 ousmuode

86 2000 237 2051 mmet
273 1995 345 2051 ilino
363 1995 507 2052 bmtomm
525 1996 635 2053 enimes
659 2013 880 2069 persommneo
919 1995 1310 2069 oommuuioariposseputes,
1328 1995 1713 2063 ulmeusiaiieuiiuseratm.

86 2083 197 2157 habent,
218 2088 247 2140 et
260 2083 376 2157 proinde
395 2085 470 2141 solos
482 2100 520 2140 ex
533 2086 606 2142 notis
619 2085 700 2142 nobie
713 2086 879 2143 animalibus
920 2083 988 2142 Meu
999 2084 1076 2141 enim
1088 2085 1211 2158 interest,
1230 2089 1262 2140 nt
1281 2083 1426 2143 lestodbus
1435 2089 1542 2144 messio
1556 2090 1666 2151 sinete
1678 2092 1714 2151 do

85 2172 171 2228 homo
182 2173 266 2231 babet
280 2189 414 2246 quaequae
427 2173 672 2249 immortalitatem,
693 2175 794 2249 quippe
806 2191 878 2249 qnae
921 2191 966 2231 me
979 2173 1103 2246 meisque
1116 2174 1196 2231 nebus
1206 2171 1348 2242 judioandi
1360 2173 1507 2233 minatur.

85 2261 306 2318 iueoustieutiae
315 2262 357 2318 sui
371 2263 577 2319 oouservatione
590 2263 724 2337 oonsistit,
739 2280 878 2338 aspama-
964 2262 1029 2320 Nou
1048 2262 1119 2319 bene
1138 2262 1228 2337 oapio,
1247 2262 1314 2334 quid
1324 2263 1359 2319 P.
1374 2262 1494 2336 Perea,
1520 2264 1598 2334 eujus
1616 2273 1713 2327 aobms

82 2365 137 2423 que
151 2366 257 2423 poenae
268 2352 423 2422 etpseemii
437 2351 534 2407 reddit.
921 2352 989 2409 mihi
1005 2351 1146 2424 ingenium
1158 2356 1210 2424 est,
1224 2368 1273 2423 per
1287 2350 1530 2423 Metapbysioa
1545 2354 1712 2414 indivisi·

127 2441 216 2495 Grata
228 2438 398 2512 esitaomm,
413 2438 753 2512 queespwemejmes
765 2440 878 2515 scripto
921 2440 1010 2497 bilia
1024 2439 1166 2513 intelligat,
1181 2437 1711 2511 quodexaliieejmloeisieeileernes.

83 2544 156 2601 rum,
175 2528 395 2602 communiestio,
414 2528 462 2585 sed
481 2527 529 2585 ubi
548 2528 657 2585 mdiero
669 2529 798 2603 domum3
811 2545 878 2588 mm
919 2528 949 2586 ἃ·
959 2529 1122 2599 intelligsmt
1132 2527 1273 2601 monades,
1284 2527 1530 2588 mihioousultiret
1545 2531 1582 2587 Et
1591 2534 1711 2607 spatium

82 2616 157 2671 intra
181 2632 264 2672 uram
289 2618 437 2674 alteramve
460 2617 642 2690 septimanam
668 2617 877 2689 Guelferbymm
919 2634 985 2675 saue
1003 2634 1041 2675 ex
1060 2617 1223 2674 monadibus
1243 2633 1300 2673 uon
1319 2615 1505 2689 componitur:
1536 2635 1607 2692 quae
1627 2639 1663 2680 an
1680 2628 1712 2681 et

81 2720 235 2761 exeomm-
258 2707 375 2762 mlum
383 2707 469 2762 etiam
478 2706 540 2781 erit,
552 2707 578 2762 si
586 2706 704 2764 subinde
714 2724 759 2765 ms
768 2707 883 2783 doeens,
919 2705 1057 2764 Perezii
1076 2704 1112 2762 de
1130 2705 1188 2763 suis
1208 2704 1423 2763 indivisibilibus
1434 2703 1631 2780 llemphysieis
1649 2728 1711 2771 sen·

81 2794 201 2866 quaein
222 2799 314 2851 vostro
334 2794 446 2868 Ordine,
471 2799 521 2851 aot
544 2795 613 2852 alias
633 2795 664 2851 iu
684 2813 714 2853 re
732 2784 888 2873 littesntia,¹
918 2794 1224 2868 manumissore
1239 2794 1307 2866 erit,
1326 2791 1710 2874 oenteblalbeumtioieoppo-

81 2882 242 2955 pomerum
256 2899 343 2959 asora,
358 2884 602 2959 philosophiaeque
611 2891 748 2959 gematur,
764 2891 794 2942 et
806 2886 875 2944 utile
916 2884 967 2941 uit
1000 2884 1113 2941 Possem
1131 2883 1242 2941 interim
1261 2883 1313 2939 baa
1331 2881 1391 2953 ejus
1409 2882 1501 2957 phrasi
1521 2886 1558 2943 ad
1577 2889 1710 2947 memte

80 2978 153 3028 esset
165 2971 268 3029 dieoere
281 2988 351 3046 qme
365 2972 471 3029 Romae
483 2973 664 3030 deoeunantur
676 2975 708 3030 iu
721 2975 874 3048 congeme-
916 2988 991 3031 meas
1010 2971 1195 3043 maginandus
1213 2972 1266 3031 uli:
1293 2987 1363 3044 quas
1381 2979 1410 3028 et
1427 2971 1576 3045 aliquando
1600 2982 1709 3037 atomos

79 3060 209 3133 tionibus,
231 3062 307 3118 velut
321 3061 664 3138 Rituum,1nquisitionis,
678 3064 791 3139 Indicis,
809 3071 871 3139 ete,
915 3061 1119 3135 Metaphyeiuae
1137 3078 1236 3119 nouare
1258 3059 1388 3132 memini,
1414 3060 1483 3119 item
1506 3065 1708 3125 susbstantialeu.

78 3165 144 3204 uam
158 3149 315 3207 ulnam
330 3151 443 3207 minime
455 3154 628 3225 spumantem
913 3150 1037 3224 Spalim
1065 3168 1115 3227 pes
1143 3167 1175 3206 se
1201 3149 1444 3207 indeterminatam
1471 3151 1509 3208 ad
1537 3169 1709 3228 quaeeunque

80 3244 84 3253 ’
123 3238 871 3314 Quidsituquoqueouelferbymmexmmspaunsper,
914 3239 1058 3313 passibiles
1068 3239 1233 3311 divisionem
1253 3238 1384 3295 rosetum
1397 3244 1439 3297 est
1452 3238 1557 3313 ineatis,
1572 3246 1604 3300 ut
1617 3244 1708 3303 unius

78 3343 141 3383 enm
152 3328 283 3385 illiceret
305 3329 367 3385 Esit
376 3329 415 3391 ibi
427 3329 652 3402 iormssoaliquis
661 3328 767 3385 ordinis
776 3328 871 3403 vehi,
915 3329 1069 3400 numanae,
1091 3344 1174 3401 quam
1193 3344 1244 3401 pro
1264 3327 1382 3385 arbitrio
1400 3327 1430 3383 in
1450 3329 1597 3389 irmtioues
1615 3349 1707 3393 muare

78 3416 117 3472 ob
128 3432 240 3474 mamm
252 3433 337 3490 quam
352 3435 408 3475 non
422 3417 575 3491 ignuabis3
600 3417 682 3488 hujus
702 3422 780 3490 guala
793 3417 872 3492 mihi,
914 3417 1010 3491 poesis,
1024 3420 1056 3474 at
1069 3433 1159 3473 mama
1172 3432 1263 3473 mum
1276 3421 1340 3473 aetu
1353 3416 1442 3473 divisa
1456 3422 1506 3473 est

78 3508 150 3561 forte
168 3512 198 3563 et
216 3505 268 3563 libi
287 3507 386 3562 notitia
406 3508 468 3564 erit.
502 3506 554 3562 Sed
574 3511 622 3562 tue
645 3505 770 3579 inprimis
794 3512 873 3580 prela
957 3505 1190 3563 Hertsookori
1204 3504 1281 3569 liber,
1296 3504 1480 3577 quemadme
1490 3504 1576 3578 misit,
1587 3505 1663 3575 jeoet
1676 3508 1707 3565 in

76 3593 131 3649 erit
149 3594 323 3650 suenimimo
339 3595 415 3669 ilaei,
436 3611 486 3651 nso
504 3594 557 3651 tibi
570 3594 739 3665 mgligeuda.
776 3597 872 3668 ltaque
913 3595 992 3669 eise,
1005 3593 1187 3666 quamadhuo
1195 3593 1323 3651 Beroliuo
1337 3598 1468 3668 expleam
1488 3600 1629 3668 assaltum
1642 3596 1706 3654 mit·

77 3681 113 3736 do
137 3682 188 3738 heo
212 3683 417 3739 eunominianis
448 3682 611 3739 senteutiam
639 3698 723 3755 quam
752 3684 872 3757 psimnm
913 3687 980 3739 lam.
1013 3683 1077 3739 Duo
1091 3683 1169 3756 ponit
1183 3681 1328 3756 paunus,
1348 3698 1445 3756 uempn
1463 3688 1556 3756 partes
1574 3685 1707 3743 materiae

76 3776 201 3842 expteto.
223 3771 367 3828 (laetem
381 3771 540 3845 signitiosbo
553 3787 615 3828 eum
630 3771 696 3827 illue
708 3772 764 3829 ibo.
786 3772 871 3845 Spero
913 3771 982 3829 eliae
994 3773 1113 3844 periente
1125 3770 1231 3843 liuidae,
1250 3776 1280 3826 et
1292 3770 1361 3827 alias
1375 3773 1492 3844 paleato
1506 3772 1605 3828 musas
1627 3773 1706 3831 Hane

77 3858 106 3913 id
121 3861 209 3915 lauare
222 3861 382 3935 septimana,
398 3876 482 3933 mam
495 3876 558 3916 oras
572 3859 738 3917 irmhoamm.
759 3863 830 3918 Vale
842 3866 872 3920 et
913 3859 1077 3933 hypothesin
1096 3860 1224 3930 vulgares
1243 3859 1471 3932 Philosophorum
1496 3860 1624 3917 notiones
1646 3879 1704 3921 nou

76 3964 121 4005 me
135 3965 208 4006 ema.
231 3949 393 4008 llenoveme
410 3950 458 4006 16.
474 3948 585 4006 Octobr.
605 3948 698 4007 1706.
818 3974 822 3981 ·
914 3950 993 4007 ladio
1005 3949 1199 4020 mlotaverintq
1219 3947 1294 4021 apmd
1308 3953 1509 4004 mesturonon
1523 3953 1623 4022 potest.

478 4038 671 4095 Deditisaimus
957 4038 1143 4094 Newtonuu
1166 4038 1318 4110 (qnantum
1343 4053 1414 4094 nuno
1433 4035 1559 4107 judioaro
1583 4056 1703 4115 possum,

349 4126 471 4185 Godei.
493 4128 583 4186 Gaii.
605 4126 806 4186 beibnitina
913 4126 979 4183 dum
992 4126 1095 4184 librum
1109 4142 1265 4199 peounere
1276 4141 1334 4181 non
1347 4126 1457 4199 uuest)
1473 4125 1579 4183 videtur
1591 4127 1704 4187 demou

911 4214 1072 4273 shabentem
1078 4214 1157 4273 vacui
1165 4231 1245 4271 niem
1255 4231 1310 4271 nou
1317 4213 1703 4292 tamabsolutameuhibuiaee,

910 4319 994 4378 quem
1008 4304 1157 4363 insinuasse
1170 4321 1199 4377 p.
1212 4305 1286 4360 346.
1308 4303 1508 4377 Priuioipiornm
1517 4311 1632 4363 naturae
1641 4309 1702 4367 lla·

285 4392 560 4451 EPISTOLA
586 4393 658 4451 vul
911 4394 1127 4466 tbenmlieorum,
1142 4392 1456 4467 expaunmuexhibet,
1469 4393 1704 4470 exquibuspulat

76 4512 266 4573 Admodum
287 4517 478 4575 reverende
494 4523 610 4595 nater,
629 4517 868 4576 lautorhono-
910 4482 1314 4646 Ψῶᾝᾞὲἷῖ
1333 4481 1702 4646 gfflmffimffl

991 4611 1000 4645 l

911 4661 977 4734 tari,
1004 4661 1078 4717 nude
1096 4661 1163 4718 laea
1184 4659 1371 4717 eoutrovesaia
1394 4666 1519 4717 smumte
1543 4661 1699 4734 definiatur,

118 4745 244 4802 Areditu
259 4760 321 4801 meo
335 4747 415 4803 valdo
428 4747 574 4803 distmetm
589 4748 637 4803 ini.
665 4747 760 4820 ltaque
773 4747 868 4807 hume
908 4765 992 4822 quam
1020 4764 1039 4805 a
1065 4749 1219 4806 rationibus
1247 4749 1328 4805 unios
1358 4748 1475 4822 pmdere
1503 4766 1612 4807 melseo.
1655 4751 1700 4807 lu·

74 4834 197 4890 subsimis
210 4834 265 4890 tuis
278 4837 429 4909 uonpsios,
443 4839 596 4911 otperest,
610 4836 866 4910 impondeelimit
909 4838 1006 4912 spicios
1026 4837 1099 4895 huuc
1111 4838 1210 4912 lunum,
1228 4854 1313 4912 quem
1326 4837 1485 4911 quaerebas,
1505 4845 1535 4895 et
1554 4838 1700 4897 sistatur

74 4923 185 4980 Gratias
197 4940 260 4997 ago,
275 4924 350 4996 quod
364 4924 478 4998 indiess,
494 4925 680 4995 Aloyeium
692 4924 866 4985 Tammiuk
907 4926 1088 4985 examinabis

76 5027 176 5068 omnen
195 5030 253 5070 esse
273 5014 375 5086 inum,
398 5021 426 5071 et
441 5019 516 5089 pets,
535 5019 566 5070 nt
585 5030 681 5071 vesum
699 5030 746 5071 me
757 5013 865 5074 oseae
951 5015 1039 5073 Venio
1056 5014 1094 5073 ad
1112 5015 1314 5073 mnnovsrstes
1333 5020 1501 5088 vesuomm,
1527 5019 1698 5089 optaveram·

76 5100 741 5181 Fisiaummnouprobempsimesiaseentmtiae
752 5103 867 5177 aum,
883 5142 888 5189 ἔ
907 5121 961 5178 que
979 5104 1084 5163 odiosis
1102 5105 1230 5179 utrinque
1249 5104 1391 5163 abstineti.
1426 5102 1460 5161 ld
1478 5108 1523 5177 tu,
1549 5104 1699 5191 modum

73 5194 540 5270 optaremumeneoaoedidoetis,
559 5191 867 5267 cenomannia
884 5192 888 5241 i
908 5193 1172 5269 mammaeae,
1190 5191 1697 5271 vddehudnamudoiiatutriuqua.

445 4292 553 4300 --—..

378 4606 564 4681 ratissima,
