3706 5828
176 323 222 392 oc
659 327 694 384 v.
720 325 887 383 numne
901 289 1319 383 rimosorrucoulzouu.
1468 318 1471 322 ·
1526 358 1545 379 „
1561 240 1681 461 a]

1589 413 1595 423 ι

1599 432 1605 443 ι

176 464 279 532 seilicet
291 477 342 546 est,
361 487 473 546 carpere
491 484 575 542 quam
595 467 747 525 emendare.
791 468 862 524 Sane
879 481 964 540 qaum
1013 465 1132 540 piantm.
1175 467 1328 523 Barbarum
1351 483 1434 540 porro
1454 465 1561 525 ‹licendi
1579 482 1664 540 genus
1683 466 1802 540 muilie-

176 564 296 638 pn'mum
310 561 405 618 literae
424 558 570 616 restaurari
587 556 702 630 coeptae
720 560 793 628 umt,
813 554 913 611 eruditi
934 555 964 610 in
1013 554 1089 611 ribus
1103 553 1210 627 scriptis
1230 555 1311 610 multi
1331 560 1528 629 oppugnarunt
1562 555 1600 611 Et
1611 561 1722 614 exstant
1735 555 1802 630 Epi·

176 650 351 727 philosophos
369 647 543 705 scholasticos
563 645 721 716 intonuere3
740 647 837 701 contra
855 642 964 701 Seleia·
1013 644 1099 699 stolae
1112 644 1277 700 arnoeboeae
1290 643 1308 698 J
1314 644 1461 701 ohannis
1474 643 1547 699 Pici
1562 643 1800 703 Mirandulani

175 737 236 796 stici
251 756 281 794 sc
294 737 381 794 reales
395 736 538 806 vocabant,
552 733 616 790 illos
630 736 774 805 poetarum
787 737 816 788 et
828 747 963 805 gramma·
1013 736 1042 788 et
1055 731 1235 788 Hermolai
1249 731 1407 803 Barbari,
1428 748 1545 805 quorum
1563 732 1607 789 hie
1619 734 1752 790 acernme
1770 734 1801 789 in

176 828 292 884 ticorum
306 826 388 881 titulo
408 825 444 881 ab
458 822 588 879 interiore
605 837 698 877 renim
716 821 872 894 cognitione
890 836 963 875 aroe-
1013 819 1191 876 Scholasticos
1209 819 1353 892 mvelitur,
1369 820 1415 876 ille
1437 821 1546 877 mollire
1565 837 1661 878 eorum
1679 821 1748 879 vitia
1767 839 1800 879 ac

175 917 251 973 bant
287 914 324 971 Et
338 912 451 969 memini
465 911 557 966 videre
570 909 718 982 ahquando
731 910 862 982 scriptam
875 906 964 977 cuijus·
1013 913 1102 982 tegere
1116 908 1203 980 magis
1217 924 1300 982 quam
1314 909 1466 981 defendere,
1482 926 1540 965 non
1553 909 1730 982 improbabili
1743 910 1802 984 pie·

175 1002 349 1062 ‹lamexillo
363 1017 443 1074 grege
456 998 589 1071 theologi,
612 999 663 1054 hoc
677 997 772 1053 titulo:
792 996 963 1053 iohannis
1013 1001 1070 1053 tate
1089 1002 1212 1053 conatur.
1255 997 1338 1053 Tanti
1362 997 1426 1054 lecit
1444 1015 1490 1053 eas
1510 997 1647 1071 Epistolas
1666 998 1726 1055 Ph'
1749 999 1800 1073 'p-

174 1093 267 1149 Seici
286 1088 431 1163 Apologia,
452 1087 525 1161 quod
551 1086 699 1159 llieologia
716 1103 774 1143 non
792 1086 830 1141 sit
848 1085 962 1141 unua
1013 1102 1073 1158 pus
1087 1085 1341 1157 Melanchthon,
1357 1090 1388 1140 ut
1401 1085 1496 1141 addita
1509 1084 1687 1158 damtione
1739 1084 1748 1100 '
1768 1087 1799 1143 in

173 1197 255 1254 snper
272 1179 362 1250 Poesi,
381 1176 460 1248 quasi
479 1174 581 1232 scilieet
598 1175 742 1247 quisqmm
762 1175 813 1231 hoc
830 1173 962 1230 somnias·
1013 1174 1160 1230 Gennania
1173 1174 1316 1229 curaverit.
1337 1173 1411 1230 Addi
1425 1178 1516 1246 potest
1528 1176 1750 1247 Quaerengus
1763 1175 1799 1232 de

174 1273 224 1324 set
259 1267 315 1324 Sed
327 1266 431 1322 interea
450 1265 515 1321 dum
537 1263 583 1318 isti
598 1262 753 1335 llrlminant,
772 1262 871 1320 eruditi
885 1262 962 1317 aulas
1012 1262 1176 1334 Eloquentia
1204 1260 1377 1334 Philosophi,
1408 1263 1609 1319 Franciscns
1637 1263 1799 1320 Floridus

174 1360 333 1429 magnatum
357 1353 491 1427 paulatim
514 1355 687 1425 occulerunt
737 1350 962 1407 Laurentium
1011 1351 1177 1423 Sabinus,
1192 1351 1293 1424 scripto
1307 1350 1381 1422 quod
1400 1367 1450 1424 pro
1469 1350 1557 1408 latina
1575 1351 1669 1424 lingua
1686 1351 1813 1425 elmerus

83 1424 94 1444 ⁰
174 1442 391 1501 certeVallam
405 1442 479 1498 solas
493 1443 571 1497 lavor
585 1441 674 1512 regius
687 1441 724 1496 ab
735 1440 875 1496 haereseos
889 1455 962 1495 com·
1011 1429 1192 1513 Scriptoribus
1205 1437 1301 1510 cclirlit,
1320 1439 1464 1495 Ubartus
1479 1440 1615 1496 Folieta
1635 1440 1670 1497 de
1683 1440 1800 1497 latirme

174 1531 349 1589 mandatione
362 1530 493 1602 defendit,
514 1535 545 1584 ut
559 1528 593 1584 de
612 1528 736 1584 Leonis
749 1528 788 1583 X.
809 1533 838 1583 et
858 1528 961 1583 Fran·
1005 1528 1121 1601 linguae
1138 1544 1190 1583 mn
1207 1532 1236 1583 et
1254 1527 1428 1600 praestantia,
1445 1528 1663 1600 Germonius,
1679 1529 1800 1585 Corra·

174 1621 258 1677 eisci
271 1621 293 1676 1.
308 1619 415 1675 Galliae
428 1617 511 1692 Regis
524 1617 687 1672 inliteratos
698 1615 879 1690 propensione
892 1615 961 1670 nihil
1012 1617 1089 1690 dus,
1105 1615 1360 1687 Taubmannus,
1375 1616 1553 1690 Barthius,
1569 1616 1604 1672 de
1621 1617 1721 1674 letina
1744 1616 1799 1673 lin-

174 1709 273 1780 dicam,
287 1723 358 1780 quae
371 1705 556 1781 profligamlae
570 1704 713 1761 bathoniae
727 1705 844 1761 multem
862 1703 961 1778 potuit
1011 1721 1073 1778 gua,
1098 1704 1193 1761 Susii
1216 1705 1297 1760 lima
1316 1704 1506 1778 Ciceroniana,
1537 1701 1637 1761 Andr.
1662 1705 1798 1763 Schotti

173 1798 238 1854 Jam
251 1800 316 1853 ante
330 1795 478 1867 Vallam,
493 1793 618 1866 princeps
631 1793 764 1850 Dentes
783 1792 961 1865 Aligerius
1010 1792 1342 1865 l'nllianaeqmestiones,
1354 1792 1494 1849 Alberti
1504 1793 1544 1850 de
1554 1793 1711 1851 Albcrtis
1723 1793 1798 1850 aetio

174 1885 346 1943 llorentinns
360 1883 485 1939 meliores
498 1881 592 1937 literas
606 1882 681 1937 velut
694 1882 731 1938 ab
744 1881 839 1937 inieris
852 1897 961 1937 revoca·
1011 1881 1042 1937 in
1055 1885 1229 1953 corruptores
1243 1881 1423 1954 eloquentiae,
1443 1881 1561 1938 Meleh
1582 1882 1743 1939 lneboler
1762 1882 1798 1939 de

173 1968 960 2046 vit,hujusdiscipulusFranciscusPetrarchapri·
1010 1987 1086 2026 sacra
1110 1969 1261 2043 latinitate,
1288 1969 1422 2025 Erasmi
1451 1970 1644 2044 Apologetims
1668 1971 1798 2028 advena

173 2077 250 2118 mum
263 2061 294 2116 in
307 2059 478 2134 philosophia
490 2058 565 2115 civili
579 2058 680 2132 quippe
693 2059 833 2130 capaciore
853 2058 960 2129 elegan-
1010 2058 1197 2115 Martinam
1216 2058 1392 2132 Dorpium,
1412 2058 1430 2113 J
1435 2059 1609 2116 oachimus
1628 2059 1798 2133 vegetius

173 2150 243 2206 tiam
256 2153 385 2223 expertus
398 2152 455 2222 est,
475 2163 529 2220 qua
548 2146 578 2201 in
597 2164 627 2204 re
646 2146 865 2203 Franciscum
883 2146 959 2202 Phi·
1009 2148 1044 2203 de
1057 2147 1134 2221 stilo,
1151 2147 1346 2219 christoph
1361 2164 1379 2202 a
1393 2146 1514 2220 Capite
1528 2148 1688 2204 Pontium
1702 2147 1798 2204 dene·

173 2237 340 2311 lelphum,
359 2236 523 2309 Poggium
538 2235 792 2307 Florentinum,
808 2234 960 2290 Leonar·
1008 2235 1125 2292 cessaria
1138 2235 1303 2294 correctione
1316 2235 1676 2308 lireologiacSeholasticac,
1690 2235 1797 2293 Ludo·

172 2326 250 2382 dum
268 2325 462 2397 Aretinum,
483 2324 605 2396 aliosqm
622 2323 833 2380 succenturiatos
854 2323 957 2379 habuit
1008 2324 1106 2381 vicus
1120 2323 1330 2394 CarbaJ‘alus
1344 2323 1452 2380 Beticm
1465 2325 1537 2380 libro
1551 2341 1607 2381 uno
1621 2325 1656 2381 de
1670 2325 1797 2382 roetitnta

172 2413 212 2471 Ut
225 2414 327 2470 Valla
341 2412 446 2483 madore
458 2413 502 2469 vir
515 2412 625 2485 ingenio
635 2413 727 2486 spinas
738 2411 959 2468 scholastieomm
1008 2412 1168 2484 'lheologia,
1188 2413 1218 2468 in
1237 2428 1307 2485 quo,
1329 2416 1361 2468 ut
1379 2413 1494 2469 hseuit
1512 2413 1593 2469 titulo
1613 2413 1681 2486 ipse,
1699 2413 1796 2471 lector

171 2503 275 2576 primus
289 2502 394 2559 calcare
407 2517 547 2575 aggressis
556 2503 607 2571 est,
618 2517 651 2557 ac
664 2500 833 2557 dialecticam
842 2499 958 2556 conscri-
1008 2501 1115 2556 danus
1128 2500 1165 2555 sit
1177 2501 1356 2573 'lireologiam
1369 2501 1546 2576 aSophistica
1559 2506 1588 2558 et
1601 2501 1729 2559 barbarie
1738 2517 1796 2557 nra-

170 2591 225 2663 psit
240 2591 350 2663 ingenio
362 2606 413 2646 suo
426 2589 547 2664 dignam,
566 2589 644 2645 ICtos
658 2590 743 2645 etiam
756 2588 849 2644 libello
863 2588 898 2643 de
916 2588 959 2643 in·
1008 2606 1063 2661 goa
1076 2588 1210 2644 industria
1229 2594 1410 2661 repurgatam.
1453 2589 1601 2661 Erycius
1621 2591 1795 2647 Puteanus

170 2678 292 2751 signibus
305 2685 335 2735 et
348 2679 440 2751 armis,
454 2683 550 2735 eontra
569 2678 783 2750 bartholum,
804 2677 958 2750 'lheologos
1008 2677 1128 2733 diatnba
1142 2677 1176 2732 de
1190 2677 1318 2733 Barbaria
1332 2678 1368 2734 ad
1382 2678 1561 2752 Barbarinos,
1575 2678 1796 2736 Christianus

170 2765 264 2822 libello
278 2765 413 2823 delibero
426 2766 551 2837 arbitrio,
563 2770 660 2821 conta
669 2765 860 2865 Bpethium,
875 2765 958 2820 laces·
1008 2767 1236 2838 Becmannus,
1251 2770 1280 2821 et
1292 2765 1430 2824 lsaacus
1444 2767 1633 2824 Clauderus
1647 2768 1682 2824 de
1696 2767 1795 2825 barba·

170 2870 229 2911 sere
242 2870 331 2910 ausus.
375 2855 453 2910 Tunc
471 2870 536 2910 vero
555 2853 742 2927 philosophiae
759 2853 842 2908 simul
860 2858 889 2908 et
903 2853 958 2909 clo·
1007 2855 1048 2910 rie
1061 2854 1232 2927 superiorum
1246 2859 1408 2928 temporum,
1424 2855 1636 2913 Frischlinns
1654 2855 1794 2913 Prisciano

170 2941 298 3015 quentiae
322 2941 494 3014 exquisitioni
519 2959 535 2997 e
559 2941 674 2998 Graecia
705 2940 827 3001 subsidio
858 2957 957 2997 venere
1006 2941 1161 3015 vapulante,
1176 2942 1250 2998 Joh
1265 2943 1444 3000 Conradus
1457 2944 1658 3003 Dieterieus
1677 2945 1712 3001 de
1725 2944 1795 3001 inie-

169 3030 370 3087 Theodorus
384 3031 490 3104 Gaza,
505 3029 674 3103 Georgius
688 3029 954 3103 Trapezuntius,
1006 3031 1107 3087 licitata
1134 3031 1217 3086 seculi
1247 3032 1394 3104 superioris
1419 3032 1449 3088 in
1473 3049 1630 3105 paeonum
1653 3033 1796 3090 literarum

168 3117 338 3175 Emanuel
362 3118 589 3188 Chrysoloras
619 3123 647 3175 et
671 3117 831 3174 Bessario
860 3121 957 3191 postea
1005 3118 1794 3193 igrromtionaAntibarbanrsSiatiAmamaeetPetri

169 3206 328 3264 Cardinalis
377 3206 414 3262 Et
437 3206 503 3262 lieet
526 3206 619 3262 Gaza
644 3209 673 3263 ot
697 3206 956 3279 Trapezuntius
1005 3207 1187 3280 Molinaei,
1203 3208 1401 3265 Gerlrardus
1415 3209 1488 3265 Joh
1509 3210 1652 3266 Vossius
1670 3209 1795 3267 devitiis

168 3294 346 3353 Aristotelem
359 3310 486 3369 mascam
504 3294 702 3368 resuscitantes,
716 3299 870 3369 pugnarent
883 3294 956 3350 inter
1005 3296 1139 3352 sermonis
1166 3301 1195 3352 et
1227 3297 1398 3369 glossematis
1426 3297 1686 3373 latino-barbaris,
1719 3297 1793 3356 Joh

166 3401 210 3458 se,
232 3382 393 3441 Bessario
414 3388 507 3440 autem
520 3383 676 3439 Platonicus
695 3400 757 3440 eum
771 3387 900 3456 utroque,
925 3382 955 3438 in
1005 3384 1114 3440 Niess.
1134 3384 1170 3440 dc
1188 3388 1250 3440 ortu
1269 3389 1298 3441 ct
1317 3403 1413 3442 occasu
1431 3386 1541 3460 linguae
1559 3387 1661 3444 latinae
1681 3386 1795 3461 eiusque

125 3458 129 3465 ’
166 3473 302 3530 maara
316 3472 526 3545 amenaauan
539 3471 887 3546 inanimatorum
908 3470 955 3527 aa
1006 3473 1198 3529 escharas
1210 3473 1325 3546 ratione,
1342 3475 1465 3532 venus
1479 3475 1606 3533 avane
1620 3476 1745 3532 clausa
1758 3474 1794 3532 ac

166 3561 209 3619 his
230 3561 354 3619 instramti
369 3560 543 3617 Johannes
564 3559 666 3616 Picus
688 3561 727 3617 de
742 3559 953 3633 Mirandula,
1005 3561 1179 3618 immunitate
1193 3561 1377 3636 Cyriacorum,
1398 3564 1446 3636 qni
1459 3581 1555 3621 omnm
1575 3564 1640 3621 data
1659 3580 1744 3638 opera
1763 3563 1794 3620 in

165 3650 208 3706 sui
221 3649 283 3706 aevi
289 3649 419 3723 phoenix,
427 3648 636 3722 Astrologorum
647 3649 741 3722 hostis,
754 3648 955 3705 Hermolaus
1005 3650 1154 3707 dictionem
1178 3649 1255 3706 illam
1280 3652 1595 3726 pseudophilosophicam
1620 3653 1793 3709 invdruntur.

165 3719 955 3811 BarbarusmeabarimmtemmNicolausLeo·
1005 3738 1056 3795 llis
1075 3739 1139 3796 addi
1160 3744 1282 3811 possunt,
1303 3740 1350 3812 qni
1369 3756 1407 3796 ex
1425 3740 1591 3797 Cicerone
1609 3740 1793 3806 ctQuinti·

165 3825 310 3882 nicenus
320 3824 755 3898 Patavium,cujusetNisolius
766 3825 916 3883 nestcrlib.
926 3826 954 3881 4.
988 3827 1100 3899 ‚liano
1113 3833 1141 3885 et
1156 3828 1314 3902 Boethio,
1331 3828 1513 3902 philosophati
1526 3833 1604 3885 emt:
1619 3829 1791 3902 Freigius,

165 3931 226 3986 cap.
244 3914 274 3969 8.
298 3915 432 3986 meminit,
455 3914 534 3984 cnjus
561 3930 654 3989 opera,
674 3919 706 3973 ut
724 3915 885 3972 Erasmus
905 3914 953 3987 ait,
1004 3916 1210 3986 Buscherus,
1231 3916 1339 3973 Jason
1358 3917 1528 3992 Denores,
1556 3919 1739 3992 Rarnusque
1764 3922 1794 3975 et

166 4001 304 4058 Medicina
318 4002 418 4059 iterum
427 4003 503 4076 loqui
513 4003 611 4077 eoepit
626 4003 807 4060 Marsilius
817 4003 955 4059 Ficinus
1004 4005 1101 4060 Ramei
1114 4004 1418 4078 autPlrilippo·Ramei
1428 4023 1513 4079 prope
1523 4023 1634 4078 omnes,
1648 4007 1793 4063 Hadria·

165 4089 391 4147 bessarionis
410 4089 441 4145 in
459 4093 560 4148 aflectu
578 4108 643 4164 erga
657 4092 837 4148 Platonem
850 4091 953 4164 haeres,
1004 4110 1069 4149 nus
1089 4093 1157 4148 item
1176 4093 1375 4150 Cardinalis
1394 4093 1472 4151 libris
1488 4095 1517 4151 4.
1535 4096 1571 4152 de
1590 4112 1655 4152 vera
1674 4093 1793 4169 philoso-

102 4192 106 4198 ·
165 4183 303 4236 certamen
327 4188 378 4251 pro
407 4194 471 4233 vera
501 4179 668 4251 sapientum·
679 4180 834 4252 eloquentia
858 4186 954 4236 conus
1005 4181 1069 4255 phia
1082 4197 1119 4238 ex
1134 4183 1163 4236 4.
1185 4181 1320 4239 Ecclesiae
1332 4183 1497 4256 doctoribus,
1508 4183 1705 4258 Ambrosio,
1716 4182 1793 4242 llie-

165 4271 336 4340 eonuptorcs
350 4264 489 4339 utriusque
503 4273 665 4341 susceptum,
680 4268 784 4326 acriore
798 4269 911 4341 impetu,
925 4273 954 4324 et
1004 4287 1160 4344 ronymo,
1186 4270 1397 4345 Augustino,
1423 4276 1452 4328 ot
1474 4272 1640 4345 Gregorio
1659 4273 1792 4346 Magno.

164 4355 318 4413 recentibus
344 4354 428 4410 armis
452 4355 656 4412 continnanmt
698 4357 822 4414 Tandem
841 4356 954 4428 Ange·
1004 4359 1167 4415 Dccaotem
1181 4359 1403 4432 utlheologiam
1412 4361 1604 4429 Sdrolasticam
1622 4361 1793 4419 llelclrior

164 4443 218 4502 lus
237 4442 451 4516 Politianus,
471 4443 546 4499 Joh.
567 4443 774 4502 Franciscns
792 4444 893 4501 Picus
914 4443 953 4500 do
1004 4447 1113 4504 Canus
1132 4446 1162 4502 iu
1177 4447 1252 4520 locis,
1275 4452 1303 4504 et
1317 4448 1446 4505 Paulus
1460 4448 1638 4507 Cortesins
1657 4450 1687 4506 in
1706 4449 1792 4507 libros

164 4530 385 4604 Mirandula,
424 4531 622 4605 Rudolphus
657 4534 845 4609 Agricola,
881 4530 952 4588 Joh
1002 4535 1207 4606 sententiarum,
1222 4534 1325 4608 (nuper
1339 4537 1519 4610 Petavius,
1535 4555 1617 4611 opere
1631 4539 1793 4611 dogmatum

164 4619 391 4692 Reuehlinus,
407 4619 604 4677 Hadrianus
618 4621 830 4695 Cardinalis,
850 4621 953 4678 Eras·
1002 4616 1113 4699 Theoi)
1124 4623 1348 4681 itallielecticam
1359 4625 1476 4699 Valla,
1488 4627 1793 4701 RudolphusAgri·

164 4726 235 4768 mus
251 4707 515 4781 Roterodamus,
531 4704 657 4766 Paulus
669 4710 862 4785 cortesius,
877 4711 895 4766 J
901 4709 951 4766 oh.
1002 4711 1092 4783 cola,
1110 4711 1304 4785 Poliehius,
1316 4713 1578 4789 Melanebthon,
1594 4715 1793 4788 Caesarius,

165 4797 357 4855 Ludovieus
372 4796 488 4869 Vives,
504 4797 687 4871 Philippus
700 4799 951 4871 lielencbthou,
1003 4801 1203 4873 Hennaeus,
1219 4801 1400 4858 Cornelius
1411 4802 1586 4879 Valerius,
1596 4804 1791 4878 Perlonius‚

163 4886 362 4944 Joachimus
381 4885 610 4958 Camerarius,
634 4890 664 4942 et
689 4887 769 4943 multi
788 4886 951 4960 consimiles,
1003 4888 1140 4946 Caelius
1158 4889 1331 4946 Secundus
1352 4891 1471 4964 Curio,
1489 4892 1803 4965 Joan.Sturrnin‘s,'

166 4991 312 5048 perrupere
326 4973 437 5030 hostiles
450 4974 568 5046 ordines,
590 4978 619 5030 et
631 4974 690 5030 late
707 4978 825 5047 stragem
846 4976 951 5032 dedere
1003 4978 1273 5051 Hottomannus,
1289 4979 1505 5053 Metaphysieam
1519 4982 1635 5054 Vives,
1650 4980 1790 5055 Niphus,

164 5063 223 5118 llos
237 5063 285 5135 qui
300 5067 360 5120 toto
374 5061 441 5119 orbe
454 5061 562 5135 sequmi
572 5066 637 5120 sunt
650 5063 804 5136 philosophi
825 5063 952 5137 elequen-
1002 5067 1020 5122 J
1024 5066 1099 5122 avcl
1108 5067 1161 5122 lus
1176 5066 1274 5135 (etiam
1287 5067 1428 5125 Nizolio
1448 5073 1543 5127 nostro
1556 5070 1683 5126 laudatus
1697 5069 1745 5127 lib.
1761 5069 1790 5126 2.

164 5151 271 5226 tissimi,
287 5155 345 5207 tam
359 5150 439 5208 multi
453 5157 525 5225 sant,
540 5155 572 5208 ut
582 5151 710 5210 brevibus
723 5151 823 5209 chartis
837 5169 894 5208 non
907 5169 952 5209 ca·
1001 5172 1062 5229 cap.
1087 5155 1156 5227 10.)
1186 5155 1359 5231 Fonseea‚
1390 5156 1547 5232 Brunus,
1580 5158 1790 5233 Mentorius3
