3706 5828
843 889 897 978 L.
960 887 1013 978 Β.

204 1097 330 1189 Cuique
345 1094 489 1166 Leibnitii
509 1093 742 1190 philosophiam
763 1091 949 1186 indagatum
970 1080 1110 1188 primum
1132 1093 1218 1187 quod
1233 1093 1336 1165 obstet
1359 1093 1423 1166 hoe
1439 1106 1503 1182 est,
1530 1097 1617 1190 quod
1630 1099 1745 1193 scripta

115 1218 182 1306 ejus
202 1224 269 1281 tam
290 1235 361 1282 rara
383 1221 471 1296 sunt,
490 1223 623 1305 tamque
642 1212 684 1281 ad
704 1212 929 1281 inveniendmn
946 1210 1093 1283 difficilia
1136 1211 1272 1281 Constat
1290 1211 1513 1306 Philosophiae
1536 1215 1745 1286 Germanicae

110 1331 288 1423 genitorem
314 1330 347 1398 in
371 1329 541 1399 Germania
561 1327 714 1397 editorem
736 1351 871 1422 operum
891 1327 1035 1397 nondum
1054 1328 1229 1410 invenisse,
1254 1351 1332 1397 cum
1351 1330 1446 1398 unica
1468 1351 1553 1421 quae
1573 1341 1657 1400 extet
1675 1331 1744 1426 eol·

110 1446 205 1514 lectio
226 1445 366 1513 instituta
387 1446 428 1512 sit
448 1467 468 1512 a
491 1441 598 1527 Gallo,
618 1446 652 1512 in
665 1444 826 1515 Britannia
846 1443 997 1537 degente,
1018 1439 1183 1511 Ludovico
1196 1441 1402 1534 Dutensio.*)
1448 1446 1560 1532 Quum
1579 1468 1657 1516 vero
1669 1447 1744 1517 Du·

109 1563 203 1628 tensii
223 1561 316 1629 editio
336 1581 402 1629 non
424 1562 531 1628 omnia
551 1561 710 1629 contineat
730 1582 814 1653 quae
834 1556 1068 1654 philosophiam
1088 1568 1230 1650 spectent
1242 1556 1387 1630 Leibnitii
1406 1584 1521 1654 opera,
1547 1561 1745 1632 adsumenda

110 1679 209 1744 etiam
231 1685 305 1744 sunt
317 1675 495 1746 Posthuma
515 1699 599 1768 quae
619 1673 758 1768 Raspius
778 1675 880 1745 edidit
888 1679 930 1762 ”)
974 1672 1150 1766 Utramque
1171 1695 1248 1743 vero
1270 1695 1405 1766 operum
1418 1674 1562 1746 Leibnitii
1583 1677 1742 1751 collectio·

109 1815 187 1860 nem
207 1794 322 1858 frustra
343 1814 363 1857 a
384 1790 559 1884 bibliopolis
580 1812 729 1882 quaeres,
749 1790 815 1860 imo
839 1793 872 1859 in
893 1787 1026 1884 publicis
1046 1787 1241 1860 bibhothecis
1261 1788 1454 1860 desiderabis
1475 1802 1508 1860 et
1527 1796 1638 1886 magni
1656 1795 1743 1885 apud

110 1908 303 1998 antiquarios
329 1917 452 1975 tantum
479 1887 562 2000 quos
588 1917 704 1977 vocant
732 1928 829 1976 emes
872 1905 1015 1990 Accedit,
1044 1904 1132 1997 quod
1159 1926 1237 1974 sane
1263 1904 1453 1992 dolendrmr,
1479 1916 1517 1975 ut
1541 1906 1575 1978 iu
1595 1908 1743 1979 Dutensii

109 2022 247 2090 editione
259 2019 347 2090 nulla
359 2046 434 2116 pars
455 2033 521 2092 tam
542 2021 736 2116 negligenter
756 2020 931 2114 composita
951 2023 1006 2106 sit,
1028 2042 1125 2113 quam
1146 2042 1231 2112 <prae
1252 2043 1349 2114 opera
1367 2021 1621 2117 philososopbiea
1639 2027 1741 2095 conti·

110 2147 172 2204 net
216 2136 381 2230 Leguntur
402 2136 483 2207 haec
503 2139 536 2219 in
557 2136 726 2207 voluminis
746 2135 878 2207 emundi
898 2147 988 2230 parte
1008 2138 1120 2230 priam.
1163 2135 1322 2227 Equidem
1347 2160 1425 2209 eum
1445 2160 1512 2210 non
1532 2141 1686 2210 mutar
1703 2143 1742 2210 iis

111 2254 167 2342 qui
193 2252 313 2335 dicant,
338 2255 372 2322 in
393 2253 580 2324 oollectione
599 2275 734 2347 operum
755 2251 1043 2347 philosophicorum
1063 2250 1208 2320 Leibribi
1227 2249 1412 2324 collocanda
1433 2276 1506 2324 esse
1527 2256 1633 2326 omnia
1655 2279 1741 2349 quae

111 2366 285 2436 Leibnitius
317 2390 460 2461 unquam
480 2370 549 2461 ipse
570 2370 739 2453 invenerit,
765 2371 884 2462 quippe
904 2390 1005 2461 quum
1026 2388 1092 2438 non
1112 2369 1250 2457 potuerit
1267 2391 1333 2438 nou
1354 2366 1572 2462 philosophice
1592 2372 1739 2456 seribere,

111 2482 264 2552 editorem
284 2482 394 2566 lando,
415 2483 502 2575 quod
521 2481 737 2577 philosopliea
764 2483 1030 2553 amathematicis
1050 2493 1084 2551 et
1103 2480 1299 2575 philologieis
1321 2481 1453 2578 aliisque
1474 2486 1624 2577 operibus
1644 2509 1739 2580 sepa-

109 2602 198 2666 ravit
241 2598 375 2681 Deinde,
402 2623 478 2667 cum
505 2622 570 2669 non
591 2602 737 2692 ignorem
758 2619 857 2690 mmm
877 2596 1002 2668 difficile
1028 2619 1183 2689 persaepe
1210 2600 1251 2666 sit
1272 2597 1458 2689 dijudicata,
1484 2610 1593 2669 mm
1613 2605 1740 2698 seripho

108 2713 216 2804 aliqua
243 2713 476 2806 philosophicae
502 2714 615 2784 indolis
635 2717 737 2783 sitan
758 2719 825 2783 non
845 2715 901 2796 sit,
927 2736 994 2783 non
1021 2712 1187 2805 objurgem
1208 2711 1361 2782 editorem
1383 2715 1470 2807 qnod
1490 2737 1592 2785 unum
1613 2729 1671 2787 aut
1691 2717 1739 2787 al·

107 2840 212 2896 terum
234 2852 317 2922 opus
335 2833 417 2899 inter
435 2828 653 2921 philosophica
672 2851 738 2898 non
760 2829 989 2911 numeraverit,
1014 2849 1087 2896 mea
1112 2829 1265 2897 sententia
1287 2851 1329 2898 ex
1348 2831 1388 2898 iis
1408 2851 1474 2900 non
1495 2830 1738 2902 excludendum

107 2943 142 3011 ld
170 2966 247 3012 vero
272 2948 305 3013 in
326 2943 484 3013 Dutensio
507 2948 580 3037 jure
605 2944 774 3037 vitasperari
800 2954 905 3034 potest
929 2941 1016 3034 quod
1041 2944 1075 3010 in
1102 2942 1321 3014 ffiuendis
1340 2943 1485 3014 Leibnitii
1511 2947 1660 3039 operibus
1680 2949 1739 3017 sibi

105 3062 178 3152 ipse
197 3083 262 3129 uon
287 3063 449 3129 consentit
490 3059 694 3129 Documento
722 3058 764 3126 sit
787 3057 947 3151 inscriptio
967 3055 1136 3127 voluminis
1158 3061 1269 3150 quarti
1314 3060 1411 3146 Quod
1431 3082 1508 3130 cum
1527 3082 1641 3156 reapse
1659 3085 1738 3134 eon·

107 3177 206 3242 tineat
231 3173 387 3268 opuscula
413 3174 645 3269 philosophica,
671 3174 747 3266 quin
771 3170 880 3241 itidem
906 3168 1123 3265 philosophiae
1143 3172 1233 3244 titulo
1253 3161 1473 3258 imbueretur,
1504 3174 1571 3245 fieri
1591 3199 1657 3274 non
1677 3201 1738 3272 pn-

107 3292 172 3357 tuit
194 3328 239 3342 ·-
260 3291 387 3382 Majoris
413 3291 567 3358 momenti
592 3288 656 3358 hoc
676 3299 739 3371 est,
766 3287 852 3380 quod
873 3288 1050 3358 Dutensius
1076 3310 1174 3380 quem
1200 3289 1234 3358 in
1261 3291 1374 3357 oeteis
1393 3289 1605 3361 voluminibus
1626 3316 1736 3363 serva-

107 3414 199 3472 verat
211 3403 353 3473 ordinem
373 3403 407 3472 in
428 3403 492 3473 hoc
513 3402 607 3497 plane
628 3403 775 3497 neglexit.
806 3401 964 3501 Exempla
984 3407 1130 3473 alteram:
1150 3406 1237 3475 Cum
1258 3404 1436 3474 Dutensins
1455 3407 1600 3492 noeeiret,
1620 3406 1736 3478 ffisser-

106 3522 258 3588 tationem
279 3519 320 3588 de
339 3521 491 3613 principio
512 3518 662 3588 individui
683 3518 789 3590 adhuc
808 3531 942 3605 exstare,
961 3522 995 3588 in
1008 3517 1175 3591 Ludovin’i
1193 3543 1271 3588 vero
1292 3518 1475 3612 biographia
1495 3519 1648 3606 bdbrsith
1668 3522 1738 3593 the·

107 3657 161 3702 ses
181 3634 336 3703 inveniret
355 3636 385 3703 ei
411 3636 616 3704 Mandoni
636 3634 793 3719 adnexas,
814 3634 875 3703 has
893 3635 1027 3726 recepit,
1048 3636 1242 3726 easdemque
1265 3645 1429 3726 amquam
1448 3633 1597 3726 reliquias
1617 3659 1683 3707 non
1703 3641 1736 3709 in

107 3754 209 3819 fronte
236 3773 371 3844 opertam
396 3749 686 3844 philosophicorum
713 3753 833 3844 posuit,
859 3749 918 3818 sed
937 3752 977 3818 iis
997 3750 1174 3821 subnexuit
1208 3749 1296 3818 Em.
1327 3748 1396 3816 Sed
1414 3772 1473 3817 cur
1493 3772 1615 3842 quaeso
1634 3755 1734 3823 intro·

105 3867 288 3934 damonem
316 3887 413 3957 quam
434 3865 630 3935 Thomasius
651 3865 795 3935 Leibnitii
816 3865 1024 3935 dissertationi
1044 3864 1258 3956 praemiserat,
1281 3887 1301 3933 a
1320 3862 1463 3932 thesibus
1482 3877 1683 3960 segregatam
1702 3872 1736 3938 in

104 3986 176 4074 ipso
197 3982 366 4051 vohsminis
387 3981 518 4052 secundi
537 3982 625 4050 initio
645 3979 833 4052 collocavit?
846 4022 889 4040 -
911 3979 1054 4050 Altonum
1075 3979 1259 4071 exemplum
1279 3978 1343 4048 hoc
1364 3980 1419 4047 sit:
1440 3977 1618 4066 Fouchero,
1638 3982 1734 4053 Leib-

103 4100 219 4167 nitium
247 4101 384 4166 refutare
409 4099 534 4166 conanti
559 4106 668 4166 nomer
693 4095 871 4188 respondet
914 4094 996 4164 Eam
1017 4096 1257 4188 responsionem
1277 4116 1308 4185 p
1330 4095 1385 4178 67,
1405 4097 1626 4167 refutationem
1647 4098 1734 4169 Fou-

105 4212 193 4282 chen'
214 4211 345 4307 posthac
365 4212 502 4305 legimus
521 4235 553 4304 p.
576 4216 650 4282 102.
674 4246 717 4266 ·-
739 4213 776 4281 Si
795 4211 935 4304 densique
954 4209 1110 4293 adsumis,
1139 4207 1226 4301 quod
1247 4230 1313 4277 una
1338 4208 1517 4305 eademque
1538 4214 1665 4305 scriptio
1686 4215 1734 4284 di·

197 4464 230 4550 ’)
250 4471 357 4531 Prome
378 4475 444 4535 haee
464 4471 551 4533 editio
564 4466 1028 4546 membraneum,
1049 4480 1102 4526 sex
1116 4465 1304 4527 voluminibus
1324 4467 1471 4543 eompleas
1498 4485 1584 4546 opem
1604 4468 1736 4531 leibnitii

104 4575 213 4652 omnia,
242 4578 413 4657 witigim,
437 4577 646 4658 philosophica,
670 4577 882 4655 mathematica,
907 4575 1080 4654 pnttotogteu
1106 4605 1151 4617 -
1183 4575 1290 4643 Quodsi
1320 4573 1407 4632 salitio
1436 4576 1538 4634 citata!
1561 4578 1736 4638 Coloniae

104 4684 289 4757 allobrog.
320 4691 352 4745 et
380 4687 546 4746 Berotint
571 4702 647 4746 enno
677 4683 948 4745 MDOCerXXlX.
978 4685 1053 4741 toras
1081 4681 1163 4758 data,
1191 4680 1343 4741 noandum
1366 4685 1426 4759 est,
1463 4682 1536 4742 banc
1575 4699 1636 4742 me
1668 4700 1734 4745 eam

104 4791 196 4866 imam
225 4780 375 4852 sabim
403 4810 478 4853 noro
507 4796 617 4853 unlus
654 4791 737 4850 titulo
772 4791 945 4850 imbutam
994 4786 1128 4865 ldqnod
1158 4787 1734 4867 iacilnpambitshmmodoutnmqne

102 4895 1336 4975 ebbonemeompanrerisetinnbaqneemdcminvsneismendastypogmphioas
1758 4885 1763 4896 ’

195 5015 248 5095 ”)
268 5023 761 5102 omnesptttoeoptnqnosdeten
779 5018 1733 5099 Mr.1stnntapnhtteespustr.ttns.sstettepenvecuepre

102 5127 419 5193 mammone.
462 5130 699 5210 amotum
717 5128 868 5191 rtem:
