3706 5828
676 631 1093 722 DISSERTATIO

221 961 475 1082 STlLO
499 960 1547 1084 PHILOSOPHICONIZOLH.
1586 996 1716 1096 tre.

759 1291 1005 1380 1670.

603 1471 613 1506 ι
806 1472 964 1482 .........

10 1545 44 1643 7⁴.
68 1572 179 1633 (ilarii
198 1572 316 1637 uan
335 1573 365 1618 dc
383 1573 451 1619 veris
470 1573 547 1630 princ.
560 1498 628 1621 {ici

136 1658 161 1701 p.
179 1645 214 1691 36
231 1664 267 1674 -
285 1637 340 1702 63.)
571 1652 603 1666 “”

629 1536 716 1622 ‘Libri
735 1575 778 1622 IV.
815 1574 931 1621 Francos.
953 1574 1027 1621 1670.
1045 1593 1081 1604 -
1116 1575 1222 1621 hetha.
1242 1575 1303 1631 opp.
1323 1575 1353 1619 ed
1371 1576 1493 1622 notens
1512 1578 1579 1622 Tem.
1590 1577 1633 1621 η’.
1643 1578 1671 1622 Ρ.
1682 1579 1701 1622 l.

777 1755 985 1763 ...η-..-

101 1874 126 1932 l.
152 1875 200 1930 De
228 1872 424 1928 alienorum
458 1888 598 1946 opernm
625 1873 794 1929 editione.
844 1873 878 1928 ll.
906 1874 954 1928 Dc
981 1874 1115 1930 Nizolii
1141 1874 1415 1930 concordantiis
1445 1875 1699 1930 Ciceronianis

155 1963 204 2020 lll.
226 1961 419 2017 DeNIzolii
441 1961 569 2017 studiis
591 1961 857 2035 philosophicis
902 1963 947 2017 Ν.
970 1963 1096 2034 Logiea
1117 1964 1391 2036 philosophandi
1414 1964 1591 2037 principia
1609 1981 1701 2020 com·

154 2050 333 2125 plectitur.
383 2049 417 2104 V.
450 2051 499 2105 De
534 2050 669 2105 Nizolii
706 2047 848 2106 dicendi
885 2053 1030 2107 ratione.
1079 2053 1125 2107 Vl.
1163 2053 1210 2107 De
1247 2052 1499 2124 philosophica
1535 2052 1700 2108 dieti0ua

155 2140 216 2194 Vll.
239 2140 286 2194 De
308 2139 564 2212 perspicuitate
591 2138 667 2193 stili
697 2139 945 2213 philosophici.
991 2139 1064 2194 Vlll.
1092 2141 1139 2196 De
1162 2141 1322 2195 terminis
1345 2140 1518 2196 technicis
1538 2145 1573 2196 et
1594 2158 1700 2215 popu·

156 2229 301 2284 laribus.
346 2227 398 2281 IX.
427 2228 475 2282 De
501 2210 748 2298 ὀνοματοποιίᾳ,
793 2228 831 2283 X
859 2229 907 2283 De
933 2244 995 2285 usu
1023 2229 1252 2284 terminorum
1280 2229 1528 2285 technicorum.
1573 2230 1625 2284 XI.
1654 2230 1701 2284 De

156 2315 367 2372 differentia
388 2314 607 2387 cognitionis
634 2315 900 2390 philosophicae
921 2333 940 2372 a
961 2317 1107 2387 vulgari.
1156 2317 1221 2372 Xll.
1249 2316 1701 2396 Denhil⁰⁵01d¹‚l³¹.,‚..lius„⁰3

156 2405 299 2482 viimi,
318 2403 667 2479 .l¹llS{¹.Ii..iEl.l¹.³.l¹.<i³2
711 2405 790 2460 Xlll.
818 2405 950 2477 LIngna
972 2406 1177 2461 Germanica
1198 2422 1269 2461 non
1290 2405 1403 2460 solnm
1424 2406 1611 2478 aptissima
1633 2410 1699 2476 est,

156 2499 254 2550 ntea
281 2492 502 2566 philosophia
529 2492 724 2564 doceamus,
755 2494 813 2549 sed
840 2500 874 2549 et
900 2494 1040 2566 r·gregie
1073 2493 1174 2566 lacit,
1202 2494 1244 2549 ad
1275 2493 1511 2549 scholasticae
1542 2494 1701 2566 philoso-

158 2582 263 2657 phiae
289 2597 419 2636 naevos
446 2580 668 2652 detegendos.
712 2581 790 2638 XIV.
812 2583 860 2636 De
881 2583 965 2637 aliis
986 2582 1133 2654 linguis,
1160 2583 1289 2654 quibus
1310 2583 1486 2638 commode
1508 2583 1603 2639 tradi
1626 2583 1701 2655 phi-

156 2670 321 2742 losephia
350 2672 475 2742 potest
520 2670 583 2725 XV.
611 2669 744 2734 Quibus
772 2670 808 2726 in
834 2670 1040 2743 disciplinis
1067 2670 1227 2726 terminis
1258 2670 1427 2726 technIeis
1459 2687 1541 2744 prae
1573 2670 1701 2727 ceteris

157 2765 213 2816 est
233 2758 348 2815 locust
393 2758 470 2813 XVI.
493 2759 541 2813 De
563 2757 792 2832 Philosophia
813 2759 1048 2815 acroamatica
1074 2765 1107 2815 et
1127 2759 1321 2815 exoterica.
1370 2759 1460 2815 XVII.
1483 2760 1581 2815 luter
1602 2774 1701 2815 accu-

157 2853 234 2905 rate
255 2846 569 2919 philosophandum
591 2848 768 2903 concretis
790 2853 923 2904 tanturn
945 2848 1107 2903 utendum
1129 2851 1195 2920 est,
1218 2863 1286 2903 non
1300 2848 1501 2903 abstractis
1535 2848 1639 2903 XVlll.
1655 2849 1702 2903 De

156 2944 336 3009 troporum
358 2935 394 2990 in
415 2935 501 2991 stilo
523 2936 770 3009 philosophico
794 2953 862 2993 usu
912 2937 995 2992 XIX.
1016 2937 1066 2992 De
1086 2936 1255 2993 claritate
1276 2936 1470 3009 oratIonis,
1493 2951 1579 3008 qnae
1600 2955 1617 2992 c
1636 2937 1701 2992 cir·

156 3022 380 3084 cumstantiis
400 3024 559 3080 sumitur.
603 3023 673 3081 XX
695 3025 863 3098 Aegyptii
884 3030 992 3096 atque
1012 3025 1233 3081 recentiores
1254 3025 1419 3080 Sinenses
1440 3025 1702 3099 philosophiam

157 3129 252 3170 suam
276 3111 532 3183 aenigmatibus
559 3112 746 3168 occultant.
790 3113 872 3169 XXI.
900 3112 950 3169 De
971 3114 1129 3170 utilitato
1155 3113 1427 3187 perspicuitatis
1447 3114 1526 3169 stili
1548 3115 1701 3187 philoso-

156 3201 259 3277 phici.
303 3200 398 3256 XXII.
425 3201 589 3258 Veterum
616 3200 902 3274 philosophorum
933 3207 1127 3272 systemata
1155 3219 1222 3259 non
1255 3201 1463 3275 rejicienda,
1492 3203 1551 3259 sed
1587 3219 1702 3259 emen·
1736 3220 1777 3265 s

157 3290 278 3347 danda.
334 3289 441 3345 XXllL
475 3291 522 3346 Dc
553 3289 613 3361 iis,
648 3289 707 3361 qni
738 3296 869 3363 eontra·
894 3290 1151 3364 philosophiam
1188 3291 1436 3346 scholasticam
1468 3292 1700 3364 disputarunt

72 3434 80 3447 ,
158 3379 265 3437 XXIV.
287 3374 339 3432 De'
357 3377 511 3432 inventis
532 3377 789 3450 nov-antiquis.
833 3379 927 3434 XXV.
950 3378 1201 3437 hlaledicentIa
1221 3379 1256 3433 in
1278 3379 1422 3452 scriptis
1442 3379 1701 3452 philosophicis

155 3467 312 3524 vitanda.
359 3467 465 3522 XXVI.
487 3466 786 3523 scholasticorum
807 3484 947 3523 errores
969 3468 1160 3524 Aristoteli
1181 3483 1248 3523 non
1269 3466 1459 3522 tribuendi.
1510 3469 1630 3524 XXVII.
1652 3470 1702 3524 De

157 3554 367 3613 excusandis
398 3556 691 3611 scholasticorum
725 3555 1013 3629 philosophorum
1045 3557 1232 3613 erroribus.
1288 3556 1421 3611 XXVIII.
1443 3556 1493 3611 De
1514 3562 1610 3611 secta
1632 3556 1701 3612 No·

156 3643 348 3701 minalium.
412 3643 524 3700 XXIX.
561 3644 609 3699 De
644 3658 705 3699 usu
743 3645 1014 3718 rnetaphysieae.
1072 3645 1172 3702 XXX.
1215 3646 1262 3700 Dc
1303 3643 1448 3716 scriptis
1483 3644 1700 3701 Aristotelis.

156 3733 269 3791 xm
297 3733 347 3787 De
372 3732 626 3789 universalium
653 3737 787 3788 natura
832 3732 959 3789 XXXII.
986 3733 1255 3807 Propositiones
1281 3731 1498 3789 universales
1523 3737 1604 3789 sunt
1626 3737 1701 3790 lun·

155 3823 320 3879 <lamenta
341 3819 657 3877 demonstrationis
678 3821 951 3896 philosophicae.

109 4001 133 4058 l.
155 3999 284 4055 Aliomm
302 3997 408 4071 Scripta
426 3997 514 4071 edere,
534 3997 632 4053 [actm
651 3997 790 4071 benevole,
811 3999 860 4055 lm·
882 4002 887 4051 l
911 3998 967 4071 logi
981 4003 1110 4055 oemeant
1122 3998 1271 4071 Scriptores
1290 3999 1403 4054 Sanctae
1417 3997 1541 4070 priomm
1555 3999 1701 4075 meander

66 4090 135 4146 urile
148 4092 191 4143 est
203 4093 233 4143 ct
250 4091 430 4158 contemtum,
450 4091 479 4142 et
494 4085 596 4158 ingemi
616 4102 665 4158 per
683 4103 713 4143 sc
732 4087 860 4159 paupmis
882 4064 886 4121 i
910 4092 939 4142 et
958 4088 1102 4160 perfecisse
1121 4092 1149 4142 et
1168 4086 1299 4160 edidisse,
1321 4091 1350 4142 ct
1368 4088 1542 4144 contiunasse
1561 4089 1700 4143 Josnam

25 4220 44 4255 s
67 4184 137 4235 nota
150 4193 211 4232 esse
229 4175 339 4232 virlctur
358 4176 409 4249 nli,
430 4190 547 4247 quorum
567 4174 693 4230 subhrnis
713 4179 762 4229 aut
782 4192 859 4231 mens
882 4126 885 4211 i
910 4176 1036 4247 blesis,
1052 4175 1242 4231 Samuelem
1257 4175 1397 4247 Josuae,
1413 4176 1556 4233 Esdram
1570 4178 1701 4233 Samue-

10 4258 25 4294 s
66 4265 227 4337 autopInio
247 4281 330 4337 srrpra
354 4268 475 4321 caeteros
495 4281 525 4320 se
539 4262 650 4336 attohit,
673 4262 773 4334 quibus
798 4280 859 4319 mos
882 4226 885 4321 i
910 4264 996 4320 lieet
1010 4265 1216 4336 Prophetarum.
1245 4263 1328 4337 Apud
1343 4265 1494 4320 (truecos
1513 4282 1613 4337 magna
1627 4265 1701 4336 inge·

66 4360 118 4426 cst,
132 4370 185 4409 nra
198 4353 313 4409 nornina
322 4352 421 4408 alienis
434 4353 534 4408 chartis
543 4351 688 4408 allinentes
698 4351 798 4411 hubae
811 4368 859 4425 pa·
881 4328 885 4413 i
910 4353 1024 4408 unitatis
1038 4352 1119 4408 lande
1132 4352 1285 4408 celebratur
1298 4353 1509 4426 Xenophon,
1525 4354 1599 4426 quod
1613 4354 1701 4409 'lhu-

66 4441 198 4513 rhharrac
210 4441 334 4498 convicio
349 4441 471 4513 irridere,
487 4441 560 4511 quod
571 4439 632 4507 jam
647 4438 716 4495 oIIm
729 4441 759 4496 ln
774 4441 859 4497 'l'ra-
881 4438 885 4509 ξ
909 4441 1048 4511 eydidis
1063 4441 1199 4496 Historias
1212 4441 1242 4496 in
1258 4442 1346 4497 lucem
1366 4441 1449 4511 misit,
1469 4458 1555 4514 quum
1573 4442 1618 4498 vel
1638 4452 1719 4514 sup-l

63 4531 200 4603 janum,
223 4530 326 4602 uquue
350 4546 400 4602 per
420 4545 516 4585 ornnes
535 4529 678 4584 vetustatis
696 4529 791 4585 minas
815 4531 859 4585 sui
881 4518 885 4559 ²
909 4531 1035 4603 primae,
1060 4534 1092 4585 nt
1117 4530 1193 4585 solus
1217 4530 1388 4602 laudaretur,
1414 4530 1457 4585 vel
1482 4530 1538 4587 sibl
1563 4530 1701 4586 vindicate
1739 4520 1744 4573 ἶ

67 4619 191 4676 nominis
209 4619 363 4692 prodigum,
380 4617 534 4686 jactaverat
553 4633 668 4689 inaguus
686 4618 859 4674 Constan·
880 4642 885 4677 r
909 4624 1015 4692 posset,
1041 4618 1143 4692 disrari
1167 4617 1379 4674 Aristotelis
1405 4621 1508 4690 lanne,
1533 4619 1582 4691 qni
1601 4634 1700 4689 magna
1744 4682 1750 4693 .

67 4709 172 4765 tinus.
216 4707 269 4763 Sed
284 4722 329 4763 mc
343 4707 455 4779 quidem
469 4706 535 4762 haee
548 4721 647 4779 pamm
661 4711 781 4778 movent,
797 4724 860 4780 lur-
881 4716 885 4773 2
909 4707 983 4779 apud
997 4707 1145 4763 nonnullos
1165 4705 1270 4763 Invidia
1290 4708 1398 4763 laborat
1419 4722 1623 4781 suppresseram
1641 4706 1700 4776 plri-
1738 4686 1767 4730 ³⁰¹

67 4798 120 4853 tiru
138 4797 278 4852 clarorum
298 4795 420 4851 virorum
439 4793 567 4867 exemplo
585 4795 736 4866 mmritum,
758 4795 860 4867 partim
910 4795 1050 4868 losephiae
1066 4796 1225 4852 retrrstlbris
1250 4800 1499 4852 monumentorum.
1543 4794 1625 4869 Apud
1645 4794 1700 4849 lle·

68 4901 167 4959 parum
180 4885 319 4940 dolentem
334 4883 865 4964 siapurljllfficaguorganQ
883 4944 886 4951 ,
910 4899 1007 4939 uranos
1020 4883 1055 4940 de
1068 4884 1128 4940 vita
1141 4884 1280 4941 veteribus
1295 4885 1433 4941 reddenrh
1444 4884 1557 4939 minhec
1567 4882 1700 4938 sellicitus

10 4936 26 4987 η’
67 4990 125 5031 nou
139 4973 432 5051 lrabear2u1isussicit,
447 4971 531 5027 studii
546 4972 643 5027 saltem
663 4989 697 5028 ae
710 4973 861 5027 voluntatis
883 4964 886 4975 '
910 4972 963 5028 ruit
976 4972 1178 5029 Hadrianus
1192 4974 1354 5046 hnpcrator,
1374 4973 1422 5045 qui
1436 4986 1493 5027 non
1508 4977 1617 5027 tantum
1635 4971 1700 5028 sui·

68 5060 179 5119 huden
198 5061 329 5118 munim
373 5061 509 5133 Ferempla
528 5060 698 5133 egregiomm
718 5060 860 5116 homiuum
910 5065 959 5134 pta
984 5060 1128 5135 diligenter
1147 5061 1335 5135 conquirebat,
1354 5061 1402 5116 sed
1428 5065 1457 5116 et
1479 5061 1643 5134 caeteteris,
1663 5074 1700 5114 ex

69 5150 116 5207 din
129 5149 301 5224 conquirere,
315 5150 396 5222 eopia
410 5166 466 5205 non
481 5149 591 5222 petitur,
606 5165 692 5223 quum
705 5149 758 5222 ipsi
772 5149 860 5206 'lireo-
911 5149 1024 5224 picturis
1037 5155 1173 5208 retmtate
1187 5151 1286 5207 vitium
1300 5148 1464 5207 facientibus
1483 5150 1586 5222 effigies
1604 5165 1700 5206 eorum
