3706 5828
599 362 980 426 mmcausa
1023 360 1139 421 DEI.
1611 356 1677 429 659

99 512 115 567 ι
119 512 149 567 9.
167 507 221 566 Sed
242 524 309 565 scra
328 505 411 565 radis
430 506 525 581 lapsus
539 510 583 561 est
596 506 626 563 iu
640 505 845 580 imperfectione
864 542 867 572 ,
884 502 921 559 ad
934 502 1000 561 ιιοιι
1013 502 1138 577 coqroris
1153 501 1274 577 organici
1289 504 1483 579 perfectionem
1496 507 1678 567 ιιιοωειιιιιιιιι

51 616 99 657 sur
113 597 301 655 imbecillitate
313 601 499 653 creaturarmu
519 593 662 667 originali,
680 610 751 666 quae
765 593 847 651 lacis
885 590 1021 666 praeberi.

51 689 110 759 hat,
124 692 156 743 ut
170 690 312 759 moratum
327 684 449 757 optimae
462 682 542 739 seriei
556 698 650 739 rerum
663 682 788 754 possibili
802 681 846 737 iu-
932 678 984 737 83.
1000 678 1043 735 Ita
1057 678 1191 735 tolluntur
1205 678 1387 755 difficultates,
1403 685 1462 737 tum
1471 680 1679 757 philosophicae

51 779 139 850 essct,
166 776 201 831 dc
226 789 283 845 quo
307 788 397 845 supra.
442 769 594 841 Urrdsjam
608 772 711 827 laetum
731 774 788 843 est,
813 773 846 827 ιιι
864 791 868 855 q
887 767 922 823 de
936 766 1041 837 origiue
1056 768 1206 823 sennarum
1219 768 1431 840 decimarum,
1453 770 1613 844 animaeque
1627 774 1679 828 im-

51 864 159 937 lapsus,
185 878 243 918 non
257 861 385 917 otrstante
410 858 503 915 diviua
528 858 629 913 virtrde
648 863 679 913 ct
698 857 843 930 sapientia,
864 860 868 902 t
888 855 1095 929 materialitate,
1115 854 1239 927 adeoque
1252 855 1505 931 impartiabilitate,
1520 874 1590 930 quae
1604 860 1679 933 lacit,

52 956 125 1007 reete
140 950 331 1022 permittetur,
351 948 439 1004 immo
459 946 503 1003 bis
515 946 598 1001 saluis
612 959 669 1001 non
683 949 776 1017 posset
789 960 846 1001 non
888 948 919 1000 ιιι
932 942 1026 999 anima
1040 958 1077 999 ex
1091 941 1184 999 anirna
1199 944 1273 999 nasei
1288 960 1345 999 nou
1359 962 1425 1015 poss

52 1038 186 1116 permitti.
933 1030 987 1087 84.
1001 1030 1074 1087 Tum
1083 1030 1265 1103 ltreologicae
1278 1032 1314 1088 de
1327 1034 1482 1089 anirrrnrum
1494 1035 1678 1109 cornuptione,

99 1127 151 1181 80.
172 1125 308 1182 Natura
332 1122 457 1195 lapsus
478 1136 534 1177 non
553 1120 594 1177 ita
613 1118 791 1192 concipienda
804 1123 847 1176 cst
888 1133 923 1173 uc
937 1118 1033 1174 anima
1047 1118 1190 1173 rationalis
1204 1134 1289 1192 quarn,
1306 1120 1348 1175 uel
1361 1122 1555 1193 praeexistens,
1572 1124 1614 1177 vel
1630 1140 1681 1179 no·

54 1230 118 1270 eum
142 1212 276 1284 Baelio,
301 1210 380 1283 qumsi
393 1211 468 1265 Dens
492 1208 623 1267 Adamu
631 1224 659 1263 nr
680 1208 710 1263 iu
728 1222 847 1281 poermru
889 1206 960 1263 viter
973 1210 1081 1279 meatu,
1107 1206 1136 1261 in
1151 1222 1271 1263 massam
1285 1214 1458 1283 corruptam,
1482 1210 1682 1283 corrmrrpeoda

54 1302 158 1376 praeusti
177 1298 399 1358 condemnaverit
417 1295 454 1353 ad
479 1312 565 1369 porro
591 1296 757 1368 percendum
783 1311 847 1351 cum
889 1294 1002 1367 etipsa,
1017 1292 1120 1349 intrudi
1135 1294 1354 1351 aDeodieetur.

54 1390 230 1463 posteritate,
255 1387 335 1459 eique
354 1385 565 1456 (exsequentes
582 1384 734 1439 senbutiae
746 1377 847 1461 mursa)
935 1382 987 1437 85.
1003 1382 1061 1437 Erit
1075 1396 1141 1451 ergo
1154 1380 1269 1439 Tradnx
1281 1381 1405 1456 quidam,
1421 1385 1469 1441 sed
1479 1384 1573 1459 paullo
1583 1388 1684 1443 tracta·

54 1454 323 1551 peeonrrinositatem
354 1472 500 1542 infuderit,
528 1486 592 1528 curu
616 1471 710 1543 potius
734 1470 795 1543 ipsa
819 1471 848 1525 vi
891 1468 982 1542 bilior,
995 1484 1078 1542 qnam
1093 1468 1148 1542 ille,
1164 1485 1246 1541 quem
1260 1472 1491 1545 Augustinus,
1506 1473 1608 1544 aliique
1621 1475 1683 1531 l'iri

55 1566 138 1638 primi
159 1563 278 1637 peceati,
304 1561 380 1617 uelut
398 1561 512 1633 physico
526 1574 615 1632 nexu,
640 1562 787 1615 consecuta
811 1558 850 1614 sit
890 1558 1000 1629 egregii,
1017 1562 1181 1629 statnemnt,
1197 1573 1253 1614 non
1268 1558 1377 1617 animae
1390 1576 1426 1615 ex
1439 1562 1533 1617 anima
1554 1556 1685 1635 (rejectus

54 1652 296 1726 qmasnrinositas,
311 1648 545 1721 quemadmodum
564 1662 601 1703 ex
614 1646 748 1703 ebrietate
762 1646 851 1703 multa
891 1646 1036 1717 selenbus,
1051 1648 1082 1700 ut
1095 1660 1133 1701 ex
1153 1646 1343 1704 Prudentio
1358 1654 1443 1723 patet,
1458 1666 1508 1705 nec
1518 1654 1631 1706 araturae
1641 1666 1684 1705 re·

55 1742 113 1797 alia
126 1744 237 1813 peccata
251 1742 406 1795 mmerntm.
892 1748 954 1789 rum
968 1728 1179 1811 consentaneus)
1191 1734 1240 1791 scd
1254 1736 1369 1792 animati
1380 1754 1416 1793 ex
1426 1738 1557 1793 animato.

102 1829 154 1885 81.
182 1826 350 1897 Sequitur
376 1820 594 1897 Propagatio
623 1821 803 1895 contagii,
833 1837 874 1897 a,
938 1820 991 1877 86.
1016 1822 1155 1877 Hactenus
1178 1821 1214 1878 de
1238 1840 1333 1897 caum,
1358 1841 1431 1881 nuuc
1454 1825 1491 1881 de
1514 1829 1642 1883 natura
1656 1831 1686 1885 et

57 1918 137 1991 lapsu
156 1914 393 1986 Protoplastorum
413 1911 482 1982 orti,
503 1912 663 1984 pre-ruentem
688 1911 717 1966 iu
743 1908 852 1965 animas
870 1902 874 1972 ζ
893 1910 1087 1965 ‹omtitutione
1099 1910 1347 1982 corruptionis
1361 1918 1488 1969 nostrae:
1508 1930 1541 1995 ea
1560 1914 1686 1971 comistit

57 2010 240 2077 posterorum.
286 2000 326 2055 Fa
346 2015 404 2055 non
422 1999 560 2056 viclebitur
577 1999 750 2055 commodius
764 1996 852 2070 expli·
870 2011 874 2067 ι
893 1998 923 2053 in
948 2001 1060 2069 peccato
1085 1997 1211 2067 originali
1237 2004 1266 2055 et
1290 2000 1452 2056 (tenuatim.
1501 2002 1687 2059 Peccatum

58 2092 115 2148 cari
131 2106 223 2164 posse,
238 2104 321 2161 quam
334 2086 495 2161 metuendo,
514 2088 622 2143 antuus
636 2092 807 2159 posterorum
821 2085 851 2140 in
870 2076 874 2120 ²
893 2084 1073 2155 originale
1096 2090 1202 2141 tantam
1222 2085 1280 2141 vim
1305 2087 1402 2160 lustret,
1430 2092 1459 2143 ιιι
1480 2089 1604 2146 homiues
1625 2092 1686 2146 red·

58 2180 194 2236 adamo
219 2176 276 2245 jam
301 2178 385 2232 tuisse
403 2176 526 2232 intectas.
569 2176 651 2239 Quod
671 2178 702 2231 ut
716 2124 874 2245 intelligo-i

59 2274 106 2325 tur
125 2266 239 2337 rectius,
257 2264 398 2319 sciendum
416 2267 460 2318 est
473 2280 511 2319 cx
524 2264 708 2319 recentiorum
722 2262 852 2317 obserua-
871 2247 874 2341 i
893 2264 959 2317 ante
975 2260 1223 2331 regenerationem
1245 2262 1383 2319 intellectu
1402 2262 1438 2319 ad
1458 2264 1612 2338 sensibilia,
1639 2282 1688 2323 vo·

60 2356 97 2411 tis
117 2353 322 2423 rationibusque
341 2352 487 2423 adparere,
513 2352 675 2407 animalium
694 2356 725 2405 et
740 2350 848 2422 planta·
871 2346 874 2438 ξ
893 2350 1000 2405 luntate
1019 2348 1056 2404 ad
1074 2348 1195 2405 carnalia
1215 2350 1316 2423 versis,
1337 2351 1377 2407 ita
1395 2356 1427 2407 ιιι
1446 2358 1547 2409 natura
1565 2354 1615 2409 tilii
1628 2353 1688 2411 irae

59 2458 123 2499 rum
141 2440 336 2497 formationem
356 2454 414 2493 noo
433 2438 543 2510 prodire
567 2456 603 2495 ex
623 2436 990 2525 enumeraremus.
1259 2516 1267 2525 Ι

60 2531 188 2601 confusa,
208 2528 256 2583 sed
277 2544 313 2583 cx
326 2542 442 2599 corpore
451 2525 513 2595 jum
527 2526 653 2583 nonnihil
667 2528 853 2599 praeformata
872 2541 876 2606 q
941 2526 992 2581 87.
1007 2523 1122 2580 iuterim
1136 2522 1245 2596 liaelio,
1259 2524 1375 2597 aliisque
1388 2526 1552 2583 adversariis
1565 2528 1689 2587 diuinum

61 2618 92 2673 in
105 2618 209 2673 semim
223 2617 339 2688 latente,
360 2621 390 2669 et
403 2614 506 2670 dudum
519 2616 651 2671 roisnato.
694 2614 775 2669 Unde
788 2628 854 2670 con·
873 2652 876 2662 ·
895 2612 1092 2683 benignitatem
1112 2611 1351 2687 impugnantibus,
1376 2620 1424 2672 aut
1445 2616 1543 2671 saltem
1563 2633 1614 2689 per
1638 2617 1689 2675 eb·

62 2721 180 2777 sequens
193 2702 295 2777 est,'si
310 2702 508 2759 benedictionis
520 2703 630 2759 divinae
643 2704 672 2757 ct
686 2702 852 2774 primaeuae,
873 2672 876 2755 i
891 2700 1025 2772 jectiones
1049 2700 1182 2772 quasdam
1206 2716 1269 2757 suas
1283 2702 1522 2776 obnubilantibus,
1542 2704 1691 2762 concedere

62 2794 187 2849 omnium
207 2792 359 2847 sitentium
377 2790 534 2846 rudimenta
556 2790 691 2862 quasdam
716 2789 855 2861 organica,
873 2780 877 2869 Ι
896 2806 953 2845 nou
966 2792 1091 2861 oportet,
1112 2804 1159 2843 cos
1173 2788 1221 2862 qui
1236 2790 1289 2846 soli
1303 2796 1415 2861 peccato
1429 2791 1557 2863 originali
1571 2793 1688 2849 obnoxii

63 2881 112 2950 (et
137 2896 189 2953 pro
206 2874 375 2935 animalibus
393 2879 521 2949 quidem,
547 2878 710 2934 animalium
725 2878 789 2934 licet
802 2877 855 2933 im·
873 2872 876 2943 !
895 2879 956 2934 sine
980 2875 1082 2932 actuali
1108 2880 1173 2931 ante
1199 2878 1377 2933 sutueieorem
1400 2880 1515 2936 rationis
1535 2895 1614 2935 nsum
1628 2896 1688 2939 πιο·

63 2970 245 3041 perlectorum
260 2967 365 3035 lorrua)
378 2970 538 3037 arrimasque
558 2966 761 3038 quodammodo
781 2968 855 3038 ipsas
874 2982 877 3049 Ι
897 2966 1007 3022 riuutur
1031 2958 1135 3041 (veluti
1156 2964 1275 3021 intentes
1293 2970 1357 3021 ante
1377 2965 1544 3039 baptismum
1563 2973 1592 3025 et
1610 2974 1690 3025 extra

64 3056 168 3111 dudum
193 3054 224 3109 iu
242 3054 418 3125 Protoptasto
438 3054 570 3125 cujusque
588 3054 697 3126 generis
716 3054 856 3123 extitisse,
875 3117 878 3123 ,
897 3053 1049 3111 llmlcsiam
1078 3050 1257 3121 decedentes)
1287 3055 1440 3110 nmessario
1467 3058 1586 3112 aeternis
1613 3058 1691 3115 flam·

64 3158 139 3214 quae
164 3142 217 3197 sub
230 3147 354 3213 tempore
367 3141 463 3197 oruuia
486 3142 686 3198 evolverentur.
728 3142 783 3197 Sed
797 3140 856 3197 ani·
899 3142 953 3198 mis
971 3140 1076 3197 addicis
1093 3140 1163 3197 tales
1182 3140 1258 3197 enim
1277 3141 1438 3199 clementiae
1451 3144 1589 3201 creatoris
1609 3146 1692 3202 relin-

63 3246 124 3287 mas
136 3230 341 3300 animantiaqne
352 3229 497 3301 seminum,
511 3229 540 3283 in
556 3229 684 3285 humanis
697 3230 859 3301 corporibus
875 3221 878 3270 ἕ
898 3230 945 3303 qui
960 3235 1089 3301 praestat.

63 3318 278 3389 destinatorum,
293 3333 357 3373 cum
370 3318 484 3373 caeteris
497 3318 669 3375 animalculis
682 3317 859 3373 seminalibus
875 3287 879 3396 ξ
945 3317 997 3372 88.
1017 3318 1080 3381 Qua
1099 3316 1128 3371 in
1142 3332 1173 3371 re
1184 3317 1269 3373 etiam
1282 3317 1416 3375 lobannis
1430 3320 1626 3395 Hrdsenrauni,
1644 3322 1694 3378 Jo-

64 3406 149 3461 talcm
167 3405 378 3461 destinationem
393 3422 449 3461 nou
464 3404 639 3477 habentibus,
655 3406 727 3461 intra
741 3405 859 3473 gradum
876 3398 880 3471 ξ
900 3404 998 3459 hannis
1018 3402 1120 3459 aelami
1140 3404 1280 3477 Οείιιιιιιιι,
1307 3406 1478 3480 aliorumque
1498 3410 1694 3466 nonnullorum

64 3499 178 3549 naturae
196 3494 341 3548 sensitivae
359 3492 514 3547 substitisse
528 3492 674 3548 ‹licentum
689 3495 745 3564 est,
771 3493 859 3547 donec
878 3526 881 3589 Ι
900 3490 1049 3563 insignium
1080 3492 1258 3559 Arrgustanae
1285 3494 1469 3551 Corriessionis
1490 3497 1695 3567 theologorum

65 3597 115 3653 per
129 3580 257 3636 ultimam
275 3578 485 3650 conceptionem
511 3594 531 3633 a
545 3582 661 3633 caeteris
674 3580 859 3634 discerneren-
879 3624 882 3643 ,
901 3578 1119 3633 moderationem
1133 3577 1229 3651 laudo,
1255 3580 1303 3650 qui
1317 3581 1434 3637 subinde
1449 3585 1500 3640 hnc
1514 3584 1689 3641 inclinarunt.

66 3672 125 3739 tur,
145 3667 282 3737 simulque
300 3682 400 3737 corpus
414 3665 573 3737 organicum
586 3665 621 3721 ad
637 3668 751 3735 ligamur
765 3666 860 3722 huma-
878 3714 882 3746 Ι
947 3666 998 3721 89.
1019 3664 1114 3737 Neque
1126 3664 1211 3722 etiam
1230 3666 1369 3725 extinctae
1382 3675 1446 3725 suut
1465 3672 1575 3743 penitus
1594 3672 1696 3728 scintil-

66 3769 132 3809 uam
146 3755 350 3825 disponeretur,
371 3757 400 3807 et
413 3753 508 3806 anima
521 3751 582 3819 ejus
595 3751 632 3807 ad
646 3752 762 3826 gradum
774 3754 861 3809 ratio-
879 3756 882 3761 '
902 3754 946 3809 lae
959 3752 1088 3821 imaginis
1100 3752 1220 3827 diuinae,
1235 3754 1384 3825 dequibus
1399 3759 1482 3829 paulo
1495 3764 1573 3831 posta
1587 3760 1635 3815 scd
1645 3774 1697 3831 per

67 3841 188 3897 talitatis
209 3840 368 3907 (ordinaria
392 3854 429 3894 an
449 3839 669 3897 extraordinaria
688 3842 740 3896 Dei
763 3856 861 3913 opera·
878 3898 882 3922 Ι
902 3841 1021 3911 gratiam
1048 3840 1100 3895 Dei
1125 3842 1345 3913 praevenientem
1371 3844 1456 3899 etiam
1480 3847 1517 3901 ad
1542 3846 1696 3917 spiritualis

68 3930 145 3985 tione
159 3944 215 3985 uon
230 3920 348 3999 definio)
363 3928 532 3982 eveheretur.
879 3952 882 3987 :
902 3944 996 3983 rursus
1016 3928 1131 3984 excitari
1150 3934 1278 4001 pressant:
1303 3930 1344 3987 ita
1363 3936 1465 4005 tamen,
1483 3938 1515 3989 ιιι
1532 3935 1592 3990 sola
1606 3934 1696 4005 gratia

113 4016 164 4071 82.
188 4016 267 4071 Unde
280 4016 366 4071 etiam
379 4014 508 4087 adparet,
523 4030 580 4071 nou
594 4014 677 4071 statui
692 4014 804 4085 quidem
817 4032 861 4072 ra·
879 3996 883 4069 i
902 4017 1138 4073 corruersationem
1152 4022 1290 4090 operetur.

67 4102 230 4160 tionalitatis
244 4102 487 4175 praexisteutiam,
501 4103 605 4158 censeri
619 4106 712 4157 tamen
726 4120 814 4175 possm
829 4104 861 4159 in
879 4083 883 4185 Ι
948 4104 999 4159 99.
1025 4104 1078 4159 Sed
1099 4120 1150 4160 uec
1168 4104 1303 4175 originale
1322 4110 1463 4176 pecccatum
1477 4112 1636 4181 corruptam
1650 4126 1696 4181 ge·

69 4192 316 4263 praeexistentibus
334 4190 524 4263 praestabiliter
532 4188 593 4257 jam
604 4191 736 4246 divinitus
746 4195 862 4263 etprae-
879 4213 882 4258 :
902 4190 977 4247 neris
997 4192 1108 4247 humaui
1127 4206 1247 4247 massam
1265 4206 1283 4245 a
1303 4192 1355 4247 Dei
1378 4194 1568 4251 lnucroleutia
1587 4196 1696 4253 rruiuer·

68 4283 165 4349 psrata
179 4296 238 4335 esse
254 4280 396 4349 proditura
409 4277 572 4351 aliquando,
598 4293 653 4333 ιιοιι
673 4277 861 4347 organisrnum
879 4277 884 4329 i
903 4279 954 4335 sali
969 4280 1079 4349 penitus
1097 4280 1216 4335 alienam
1236 4279 1334 4335 residit.
1379 4280 1452 4337 Nam
1466 4284 1642 4340 nihilominus
1655 4284 1696 4341 sic

894 2174 942 2229 dat
955 2173 985 2229 io
1000 2174 1169 2229 naturalibus
1182 2173 1302 2247 debiles,
1319 2176 1348 2230 in
1362 2176 1549 2248 spiritualibus
1563 2183 1688 2235 mortuos
1790 2188 1798 2201 ·

68 4371 176 4421 tarrtnm
201 4368 366 4438 lruruanum,
397 4365 446 4421 sed
470 4370 499 4421 et
522 4365 612 4437 ipsam
636 4365 861 4438 rationalitatem,
881 4343 885 4409 Ι
904 4368 977 4421 Dem
995 4366 1094 4421 dilexit
1113 4367 1259 4439 mundum,
1281 4367 1344 4423 lieet
1362 4366 1393 4423 iu
1408 4370 1643 4445 matojacentcm,
1664 4374 1695 4429 ut
1804 4416 1810 4425 .

69 4452 186 4523 signato,
201 4460 232 4510 ut
245 4455 285 4509 sic
298 4454 397 4524 diram,
412 4458 475 4509 actu
488 4453 640 4509 exeuntum
654 4453 861 4525 praevenientes
904 4454 926 4509 F
925 4454 1005 4509 ilium
1018 4468 1098 4509 suum
1112 4454 1283 4523 animantum
1295 4470 1347 4526 pro
1361 4456 1517 4515 hominibus
1531 4458 1617 4515 claret.

68 4539 246 4611 simulqueet
259 4542 462 4611 corruptionem
474 4539 594 4611 animae,
607 4540 660 4595 etsi
674 4540 798 4595 nendum
812 4541 861 4596 hu·
882 4543 887 4612 t
948 4542 999 4595 91.
1028 4542 1209 4597 Peccatum
1241 4540 1477 4602 derivativum
1508 4545 1609 4619 duplex
1641 4548 1695 4616 cst,

68 4642 183 4700 manae,
203 4626 281 4697 lapsu
295 4627 421 4683 Adami
435 4626 588 4699 inductam,
608 4632 704 4698 postea
716 4628 863 4683 accedente
884 4614 887 4650 ⁵
903 4629 1009 4683 annale
1023 4632 1052 4683 et
1066 4628 1219 4699 habituale,
1241 4630 1271 4685 iu
1285 4631 1384 4702 quibus
1397 4634 1521 4689 consistit
1534 4632 1696 4689 exercitium

70 4713 264 4773 rationalitatis
287 4714 390 4783 gradu,
422 4712 535 4769 ιιιιιιιιιιι
559 4714 588 4769 ιιι
614 4714 862 4785 peccaminositatis
885 4667 888 4776 i
902 4715 1100 4787 corruptionis,
1121 4720 1153 4773 ut
1173 4718 1277 4774 scilicet
1289 4718 1358 4773 hacc
1371 4720 1502 4787 gradibus
1515 4718 1695 4777 nntiueatio-

69 4801 212 4873 originalis
242 4800 300 4856 rim
330 4800 467 4855 haushm.
518 4800 662 4855 (iustarum
686 4801 802 4873 adparet
825 4816 863 4857 cx
904 4802 1038 4873 tribusque
1051 4802 1154 4877 variet,
1168 4806 1295 4877 rarisque
1308 4804 1338 4859 in
1351 4806 1474 4863 aetianos
1489 4811 1656 4880 prorumpat.

71 4890 229 4945 norimimts
243 4888 377 4959 intentis,
391 4904 409 4943 a
423 4888 484 4943 solo
497 4893 576 4959 putre
588 4888 715 4943 aninmns
729 4888 863 4944 animam-
950 4890 1002 4945 92.
1021 4890 1058 4945 Et
1076 4892 1214 4948 actuale
1230 4893 1342 4965 quidem
1355 4895 1481 4950 consistit
1494 4900 1553 4949 tum
1567 4894 1597 4947 in
1611 4891 1693 4948 aetio

71 4984 124 5045 qus
136 4992 211 5048 esse,
230 4980 261 5032 at
279 4992 298 5031 a
312 4980 402 5031 matre
421 4974 451 5029 iu
469 4980 603 5046 conceptu
626 4976 702 5031 uelut
721 4975 864 5033 indumen·
905 4975 987 5031 nibus
1011 4976 1126 5035 internis
1151 4984 1273 5053 mutum,
1298 4986 1358 5035 tum
1377 4982 1405 5037 iu
1425 4980 1602 5037 electionibus
1620 4994 1695 5035 com·

72 5065 140 5135 tum,
154 5056 243 5137 (eruli
256 5065 356 5138 iorma,
371 5072 404 5121 ιιι
416 5062 599 5127 arbitrantur)
614 5062 865 5136 immensumque
904 5064 1002 5135 muris
1015 5078 1053 5121 ex
1066 5066 1181 5123 internis
1194 5074 1223 5125 et
1236 5068 1373 5139 externis3
1394 5072 1423 5123 et
1437 5072 1480 5123 cst
1494 5073 1554 5124 turn
1567 5066 1695 5123 commis·
