3706 5828
317 40 397 113 .,.

226 190 256 231 .·
314 124 366 207 *a

205 146 368 417 (ἐξ)
553 298 586 355 v.
612 298 664 356 ns
680 299 785 357 srnu
803 299 1065 360 runnsorruoo
1083 302 1228 363 suoru.
1658 297 1704 365 et

71 430 217 502 Pbysiesrn
234 433 446 493 Hermolaus
463 438 650 514 Barbarus,
674 441 860 498 Cornelius
911 443 959 516 qni
974 444 1146 501 mistelms
1163 442 1303 501 subversis
1322 445 1393 502 alios
1412 447 1545 502 terrulam
1565 447 1702 506 eunuco·

71 521 255 596 Valerius,
270 523 475 582 Francisens
488 528 763 601 vicomercatus,
784 531 860 586 ilie·
909 533 1059 607 substituit,
1081 533 1326 607 multiplicavitque
1344 550 1401 590 uon
1421 535 1572 610 scientiam,
1592 537 1641 593 sel
1662 538 1702 595 la·

70 625 145 666 ron.
159 610 417 688 Fraeastorius,
433 614 570 672 Hieron.
584 617 777 692 (turrianus,
793 619 858 674 Jul.
908 619 1012 687 berem

68 698 201 755 Cacsar
219 700 387 775 Scaliger,
410 703 525 776 Scipio
543 705 730 779 Gapucius,
744 706 860 764 Titel·
952 709 1047 766 XXV.
1074 709 1170 765 Restat
1189 725 1271 782 ιιωκ,
1286 713 1436 767 uterrorss
1455 727 1564 784 quoqne
1584 717 1613 768 et
1632 712 1702 769 vitia

68 802 234 861 mannus,
259 793 289 845 et
312 805 400 863 nuper
418 791 630 866 Gasssndus,
656 794 785 851 &menis
804 797 860 852 eie·
908 795 1044 853 Nisolii
1057 797 1145 854 nosni
1159 813 1196 852 ne
1210 797 1420 854 dissimulemus
1463 800 1499 855 Et
1512 816 1549 855 ex
1563 800 1639 855 ritiis
1653 818 1702 874 po

66 875 164 949 gant'n
182 876 319 934 illustrare
335 884 491 952 coeperunt
542 881 596 947 Qui
615 885 708 939 tanen
727 885 859 941 terminos
909 885 1046 941 tissimum
1059 885 1127 941 milri
1141 885 1370 959 vituperationem
1384 887 1482 944 immi
1496 887 1603 943 videtin
1616 889 1700 945 male·

66 964 219 1033 insultetis
237 970 360 1040 receptes
378 967 418 1023 sic
437 969 474 1024 ad
487 969 581 1025 vivum
601 970 631 1026 in
644 972 759 1028 muteris
771 973 859 1046 pbilo-
909 973 1042 1049 diceutia,
1069 973 1173 1046 quain
1193 974 1440 1048 Aristotelem,
1466 975 1497 1031 in
1518 975 1699 1033 Platonem

66 1052 181 1126 sopbim
194 1054 319 1126 partibus
332 1057 485 1129 resecuerit,
507 1062 539 1113 ut
557 1059 622 1115 lecit
639 1059 670 1115 in
689 1060 790 1133 Ingica
809 1061 860 1117 Ni·
910 1063 1008 1136 ipsrun,
1023 1063 1054 1118 in
1067 1062 1249 1135 Galenum,
1264 1063 1295 1118 in
1309 1063 1521 1119 Aristotelis
1540 1063 1701 1136 interqrmoes

65 1141 157 1197 rolin
174 1149 276 1216 noster,
298 1144 422 1200 noudum
442 1146 572 1219 compari.
607 1147 789 1205 Nirolium
809 1148 860 1221 igi·
909 1151 1041 1223 Graecos,
1055 1149 1270 1207 iuSclrolastioos
1283 1150 1343 1206 sine
1357 1150 1513 1207 discrimine
1527 1150 1607 1221 (nam
1618 1152 1700 1209 Tbe-

64 1234 127 1303 tur‚
147 1244 204 1302 quo
226 1232 357 1288 lactentis
382 1233 435 1289 luit
454 1233 619 1309 ignoratior,
640 1237 691 1293 boc
710 1237 799 1310 ungis
817 1237 860 1294 di·
908 1255 996 1295 mam
1017 1239 1241 1311 Aquinatem,
1267 1254 1354 1311 quum
1373 1239 1534 1295 mollissime
1553 1244 1700 1297 tractatum

63 1334 153 1391 gnum
169 1320 279 1394 putavi,
301 1321 350 1393 qui
368 1319 400 1376 in
420 1323 576 1395 excrnplunr
595 1325 723 1382 denonis
737 1325 859 1400 pbiloso-
908 1328 997 1402 cupit,
1024 1327 1146 1401 appdlat
1171 1328 1347 1383 monoculum
1371 1327 1445 1384 inter
1474 1344 1569 1384 causus
1593 1328 1641 1385 lib.
1669 1330 1699 1384 4.

63 1406 163 1480 plrioee
174 1410 340 1467 remmus
352 1415 527 1482 proponatur.
908 1432 967 1489 cap.
984 1416 1027 1486 7.)
1041 1415 1187 1487 invclritm,
1203 1432 1258 1488 qua
1277 1415 1362 1472 etiam
1375 1416 1575 1472 eonsentientes
1593 1417 1648 1473 sibi
1667 1417 1698 1474 in

108 1495 218 1553 mv.
236 1497 334 1554 Altera
350 1498 479 1554 editionis
492 1501 564 1557 ratio
578 1500 631 1556 tuit
643 1506 752 1574 tesnpm
770 1502 858 1559 Auto-
908 1504 1043 1577 plerisque
1056 1503 1203 1574 Vallem,
1219 1504 1353 1576 Vivern,
1368 1504 1585 1576 Rndolphum
1599 1504 1698 1578 Agri·

63 1583 112 1640 ris
147 1586 270 1642 Accessit
283 1585 359 1643 euim
372 1586 408 1643 ad
427 1588 563 1644 erlcrulum
576 1589 621 1646 bic
640 1605 748 1663 quoqne
761 1592 855 1646 stimu-
906 1593 1017 1649 culam
1035 1592 1073 1649 ob
1087 1592 1224 1648 levissima
1237 1592 1372 1664 quaedam
1385 1591 1583 1648 sententiarum
1603 1592 1697 1650 decri

63 1673 116 1746 ha,
132 1674 209 1747 quod
222 1679 337 1748 apparet
349 1691 387 1731 ex
401 1675 545 1732 Niuolio
565 1694 625 1734 esse
643 1679 776 1751 quasdam
794 1696 857 1735 sen-
906 1681 982 1736 mina
996 1680 1153 1753 proscindit
1197 1682 1344 1752 Optassem
1357 1681 1447 1736 deleta
1460 1698 1477 1736 e
1490 1680 1563 1736 libro
1578 1682 1645 1737 talia
1658 1698 1696 1738 na

63 1763 213 1819 mearum
230 1763 367 1837 periculos
388 1769 425 1838 et,
440 1781 512 1837 quae
530 1771 625 1823 nostru
639 1772 763 1840 tempme
780 1767 856 1823 velut
905 1769 1019 1825 lectores
1031 1769 1076 1825 vel
1089 1784 1153 1824 cum
1165 1769 1285 1841 puritate
1298 1768 1426 1824 dictionis
1444 1768 1527 1824 simul
1545 1768 1695 1841 pemeu-

62 1867 136 1908 nura
149 1851 345 1926 producuntur,
357 1851 418 1920 jam
432 1853 500 1909 olim
519 1855 636 1927 plmr'ma
649 1872 667 1911 a
682 1855 768 1912 doctis
787 1854 856 1910 viris
905 1861 962 1914 tem
976 1857 1120 1929 discerent,
1142 1858 1185 1913 vel
1204 1857 1304 1912 saltem
1322 1856 1353 1912 iu
1372 1856 1552 1930 quererrrreudo
1573 1856 1696 1913 offende-

62 1954 165 2013 ηιμ
181 1956 246 1997 cum
259 1941 434 1997 waterrtioue
452 1941 556 2014 agitata
574 1960 641 1999 esse.
684 1944 728 2000 lta
747 1943 856 2000 detexit
904 1950 1007 2018 rentur,
1022 1962 1080 2001 non
1098 1961 1161 2001 sum
1179 1949 1365 2001 aumsumen
1380 1945 1409 2000 in
1420 1945 1511 2001 alieno
1525 1961 1608 2018 opere
1618 1945 1694 2018 qnie-

61 2028 261 2103 'l'eleseopiunq
276 2029 351 2085 dam
365 2029 480 2086 lacteam
499 2047 558 2088 esse
571 2032 721 2089 censariam
740 2032 856 2087 mmini-
903 2050 986 2109 quam
1001 2035 1154 2089 immutare.

60 2115 162 2174 bibam
174 2118 325 2191 selamin
345 2117 419 2175 idem
437 2118 541 2174 dudum
558 2119 711 2190 conjecerat
729 2121 854 2178 Demo·
945 2120 1692 2194 xxvlmroresinnizolioetmulusungetmagni,

59 2206 180 2263 critus
221 2205 351 2276 Ejusdem
376 2207 568 2263 Democriti
592 2209 757 2266 Vaticinatio
781 2212 850 2284 erat,
900 2227 1017 2284 quorum
1030 2210 1122 2283 plnres
1135 2208 1322 2267 inbreviculis
1334 2209 1409 2265 notis
1417 2225 1486 2280 quas
1496 2209 1638 2266 minutiori
1648 2215 1694 2279 ty·

60 2294 120 2350 Nili
132 2295 371 2352 inmeneutaoese
383 2312 403 2352 a
415 2296 515 2368 pluviis
525 2295 695 2370 Aethiopiae,
707 2314 778 2370 quae
791 2315 853 2353 sen·
900 2317 938 2375 po
959 2299 1074 2356 inseres
1093 2295 1191 2370 adjeci,
1205 2301 1270 2353 sunt
1289 2297 1364 2368 tacti,
1384 2297 1538 2368 aliquorum
1558 2313 1624 2354 veru
1642 2313 1693 2354 ex·

60 2383 149 2440 tntis
169 2400 187 2439 a
205 2382 313 2441 coaevis
331 2389 360 2441 et
377 2384 538 2458 propinqru's
565 2385 742 2459 sumptoribus
760 2385 849 2459 irrisu,
900 2389 1051 2444 tantiorum
1064 2387 1149 2443 etiarn
1162 2386 1207 2441 hic
1220 2385 1324 2441 mentio
1338 2385 1463 2441 iacienda
1476 2389 1526 2440 est.
1552 2384 1690 2441 Nimirum

60 2488 133 2529 mite
145 2471 411 2547 peregrinationibus
429 2489 495 2529 veta
509 2473 675 2545 delumbem
693 2479 750 2547 est3
771 2473 851 2548 Epi·
900 2477 947 2533 ille
960 2476 1110 2549 palmarius
1123 2478 1173 2548 est,
1194 2474 1268 2546 quod
1282 2473 1509 2530 Scholasticornm
1529 2473 1597 2528 vitia
1610 2473 1690 2529 Ari·
1778 2500 1787 2515 ·

58 2561 134 2618 curi
148 2565 178 2617 et
191 2560 346 2617 Lucretii
360 2561 465 2633 Atomi,
481 2577 565 2633 quani
582 2578 682 2635 nragna
695 2579 768 2619 nuuc
786 2579 851 2619 con·
900 2565 1024 2622 stotali
1038 2564 1165 2637 imputat,
1180 2567 1209 2618 et
1223 2561 1401 2618 modestiores
1415 2579 1445 2619 se
1458 2561 1541 2634 viros,
1561 2562 1579 2617 J
1584 2561 1690 2618 olran-

60 2649 185 2707 tcntione
205 2649 394 2708 refodiunturt
427 2650 611 2723 llyppothesis
631 2652 733 2709 terrurri
758 2655 850 2707 motus
899 2669 976 2709 neni
989 2653 1119 2724 Picum,
1134 2650 1382 2721 Leonicenum,
1402 2649 1571 2723 Rudolpb.
1587 2649 1690 2723 Agri·

59 2738 279 2811 Pythagorae
292 2737 378 2794 lirisse
389 2738 498 2810 dicitur,
509 2742 538 2795 et
552 2739 616 2795 illuc
630 2739 773 2796 iuclinmsc
787 2740 850 2795 Ar·
899 2742 1021 2816 colam,
1037 2741 1170 2812 Vivam,
1191 2739 1276 2795 ethni
1289 2738 1420 2794 conviciis
1439 2739 1554 2810 messit,
1574 2743 1603 2794 et
1620 2738 1691 2795 adu-

57 2827 246 2884 clrimedcm
270 2842 328 2882 non
346 2825 461 2883 oboeura
478 2832 543 2882 suut
562 2828 676 2901 vestigia
700 2829 731 2884 iu
753 2829 849 2884 libello
900 2829 1010 2886 udonis
1039 2828 1192 2900 insimulat,
1218 2827 1292 2899 qnod
1317 2826 1438 2883 eximere
1460 2825 1689 2883 Aristotelem

57 2916 352 2973 clanmemareuae.
395 2916 512 2971 numeris
532 2916 684 2989 Digbaei
709 2917 849 2991 pulverem
898 2923 1045 2989 conentur,
1069 2933 1154 2989 quum
1172 2920 1266 2971 tanuen
1285 2919 1381 2971 nostro
1404 2915 1495 2971 seculo
1513 2920 1577 2989 post
1597 2918 1638 2971 tot
1657 2914 1690 2970 in

56 3004 287 3079 mutaticum
302 3003 482 3060 Antonius
503 3004 713 3077 Densingius
727 3010 758 3061 et
774 3005 848 3061 tob
899 3006 1128 3063 Aristotelem
1147 3004 1367 3061 doctissimorum
1384 3006 1413 3058 et
1431 3003 1531 3076 lirioris
1550 3001 1689 3060 saumis

56 3092 172 3151 Fried.
187 3092 553 3151 Helvetiusnouteudunt
566 3097 684 3149 retorem
699 3111 765 3151 essa
793 3094 851 3150 Cir·
898 3094 1144 3151 dissimillimorum
1163 3093 1342 3165 interpretum
1365 3106 1444 3147 cums
1464 3091 1534 3147 nibil
1552 3092 1589 3147 sit
1613 3106 1689 3147 coru·

55 3181 225 3239 ouationem
248 3180 389 3254 anguinis
413 3198 463 3253 por
487 3186 577 3237 toturn
606 3199 705 3255 eorpus
729 3198 787 3238 non
811 3182 848 3239 ab
898 3184 1012 3257 partius,
1027 3179 1465 3254 qnnmAristotelamomnis
1479 3179 1554 3236 illias
1567 3178 1689 3252 ineptiae

56 3271 219 3327 llsrrseo
233 3270 353 3343 primunr
367 3269 548 3343 obsessum,
568 3270 616 3326 sed
630 3271 734 3327 dudum
754 3271 848 3344 dcpre
897 3288 997 3346 pirrum
1010 3275 1039 3326 et
1052 3271 1191 3326 insontem
1203 3286 1270 3341 esse,
1285 3283 1340 3341 qua
1358 3266 1512 3325 scholastici
1528 3267 1631 3340 passim
1644 3266 1687 3322 in·

55 3358 478 3432 murlegiinmanuscriptis
488 3358 630 3428 enjusdam
638 3359 768 3432 religiosi,
777 3375 848 3431 quae
897 3361 1053 3433 quinantnr.
1097 3359 1210 3415 Errores
1229 3356 1288 3427 ejus
1308 3357 1461 3428 quicumque
1473 3360 1547 3427 surii,
1562 3355 1631 3412 tales
1645 3359 1686 3410 ta·

56 3464 130 3505 nnuc
141 3462 254 3521 qnoque
266 3448 388 3504 Venetiis
407 3452 600 3520 monstrentur,
621 3450 705 3504 refert
723 3448 753 3503 in
767 3449 848 3504 abso-
897 3465 961 3504 men
980 3453 1053 3519 snut,
1073 3441 1105 3504 ut
1123 3447 1204 3503 facilo
1224 3445 1391 3501 internosces
1410 3444 1502 3516 mpura
1520 3443 1573 3499 viri
1592 3441 1686 3515 tingui

54 3536 194 3593 lutivsimo
207 3536 413 3592 institutionum
426 3536 652 3592 mammeam
670 3554 752 3609 opime
764 3537 848 3593 ‘lbo-
897 3543 926 3594 et
938 3538 969 3593 in
982 3553 1074 3593 rerum
1087 3537 1147 3593 luce
1165 3534 1276 3604 versati,
1290 3549 1310 3588 a
1328 3530 1501 3604 vertiginosis
1520 3530 1687 3603 ‹receptioni-

55 3640 127 3682 mas
139 3624 352 3682 Bartoliuus
394 3625 492 3681 llaireo
504 3641 541 3680 eu
554 3624 712 3681 narratione
725 3624 848 3682 ‹touisd
897 3627 949 3683 bus
962 3624 1084 3698 imperiti
1101 3622 1217 3692 aurnjus
1235 3621 1395 3678 claustralis
1437 3618 1499 3691 llos
1518 3619 1686 3675 demum

55 3730 167 3771 norun
179 3713 312 3787 virorum,
325 3714 417 3787 ipsnrn
426 3714 505 3770 illum
515 3729 646 3785 stagnum
655 3714 847 3770 Cartesium
897 3720 957 3771 tum
970 3714 1038 3770 satis
1051 3712 1151 3770 dedere
1164 3711 1284 3784 primum
1303 3709 1442 3781 superiore
1454 3707 1545 3762 seculo
1564 3705 1629 3762 ltali
1643 3705 1686 3761 iu·

55 3819 113 3859 nou
137 3801 314 3859 mediocriter
333 3805 477 3858 contrusam
496 3802 590 3873 tuisse,
616 3818 702 3874 quum
726 3806 797 3858 esset
820 3801 848 3857 ei
897 3807 1041 3875 terpretoe:
1062 3799 1245 3874 Augustin.
1260 3797 1405 3870 Niphus,
1427 3793 1582 3866 Angelus
1597 3794 1687 3850 Iller-

55 3895 255 3963 armatum,
275 3891 417 3964 complura
434 3891 494 3961 ejm
512 3891 754 3964 quiilesopbemats,
777 3906 848 3962 qnae
896 3891 1071 3962 cesarius,
1086 3886 1287 3945 Alexander
1305 3889 1335 3942 et
1349 3883 1555 3940 Franciscns
1568 3883 1687 3939 Piceo·

55 3981 164 4037 noviter
176 3979 290 4036 inuenta
303 3979 426 4053 putabat,
445 3980 476 4035 in
494 3979 644 4035 Platona
661 3984 690 4035 et
707 3978 848 4034 Ariste·
897 3978 1076 4049 lominaei,
1091 3978 1219 4033 Caesar
1232 3972 1471 4046 Cremoniuus,
1487 3971 1526 4027 iu
1541 3970 1686 4028 Antoni·

56 4070 140 4142 tels,
161 4084 280 4141 qnorum
300 4071 394 4124 tamur
411 4067 459 4125 ille
475 4072 645 4123 contemtum
664 4067 845 4140 praelerebat,
896 4084 958 4123 uus
988 4067 1142 4136 Zimara,
1174 4063 1292 4119 Simon
1317 4060 1507 4128 Simonias,
1531 4060 1687 4116 lacobus

55 4160 114 4214 turn
127 4157 160 4213 in
173 4156 355 4230 mturalibm,
374 4162 436 4212 mm
454 4156 484 4211 in
497 4155 623 4212 civilibus
642 4156 714 4211 clarc
734 4155 844 4228 tradita,
896 4154 1098 4226 Zaberella,
1130 4153 1245 4208 Fraus
1274 4149 1552 4221 vicomercatus,
1586 4153 1616 4204 et
1643 4150 1686 4204 tot

53 4245 204 4317 Μυρτὶς
218 4244 501 4302 lieekarmaunus
515 4244 635 4301 ostenclit
649 4260 686 4301 ex
698 4243 845 4300 cubadum
894 4244 954 4302 ulii.
991 4243 1051 4299 Hoc
1065 4258 1130 4298 vra-o
1143 4241 1235 4296 seculo
1249 4238 1377 4295 illustrati
1391 4236 1604 4294 Aristotelis
1617 4236 1685 4293 Ger·

54 4335 202 4392 verbnm
226 4333 409 4408 psntlelismo
433 4333 554 4406 quodam
577 4333 631 4389 sibi
657 4333 845 4406 oppositorum
894 4332 984 4388 manis
997 4330 1119 4387 maxime
1132 4328 1193 4383 laus
1206 4327 1328 4384 &bobun
1372 4326 1445 4381 Nam
1464 4330 1571 4398 parum
1584 4324 1619 4381 de
1639 4324 1685 4381 de·

54 4425 184 4498 μαηω
196 4421 292 4479 Petri
305 4422 403 4478 Remi
417 4422 546 4495 dogmata
559 4422 663 4478 dudum
678 4421 844 4478 vidisseLn·
895 4420 1107 4490 monstratione,
1127 4432 1198 4489 qnae
1211 4416 1295 4487 vulgo
1304 4414 1508 4471 Aristotelis
1522 4411 1686 4469 adversariis

53 4512 214 4569 doricum
231 4510 359 4567 Vivem.
401 4511 483 4567 Addo
503 4527 563 4584 ego,
578 4526 736 4583 quaennnc
749 4514 844 4567 uestro
894 4512 1099 4584 premensem
1119 4510 1170 4576 est,
1189 4505 1285 4561 Corn
1306 4500 1467 4574 Martini,
1488 4506 1516 4558 et
1534 4500 1684 4573 Jungius

52 4598 753 4675 turpareasuiptoribuspraeclarisllobbesio,
768 4600 844 4656 Gar·
894 4605 922 4656 et
946 4598 1012 4654 Jola
1033 4612 1053 4652 a
1071 4593 1200 4651 l'elden
1224 4608 1284 4648 non
1307 4590 1480 4647 mediocriter
1503 4588 1683 4659 illustrarunt,

53 4690 160 4763 teris,
173 4686 318 4760 iungis,
332 4688 557 4760 Glaubergio,
569 4688 674 4760 Raso,
689 4687 844 4744 Antonio
894 4701 1051 4760 quanquam
1063 4683 1140 4740 enim
1154 4679 1301 4739 Feldeni
1319 4680 1350 4735 in
1361 4677 1474 4751 Topicis
1491 4682 1519 4733 et
1538 4675 1683 4746 analyticis

52 4776 213 4869 Arpldo
225 4776 374 4850 lbeologn,
389 4793 472 4849 quem
485 4775 607 4832 Gallicae
616 4775 741 4848 legisse,
756 4775 844 4833 libelli
894 4773 1100 4832 Aristotelis
1119 4771 1155 4828 ad
1169 4786 1250 4827 unum
1268 4766 1463 4825 transferundis
1482 4763 1682 4823 emditissiruae

53 4854 327 4939 damasiani
341 4868 466 4922 autorem
480 4864 844 4938 immtacerimeurgetur
893 4863 1003 4936 albique
1028 4861 1127 4935 lapidis
1151 4858 1255 4915 mteulo
1285 4855 1461 4929 digammae
1488 4851 1681 4910 mutianus

53 4955 235 5013 himnorum
262 4953 446 5011 tedrmeorum
474 4954 511 5008 ad
536 4953 681 5026 populares
711 4951 844 5025 radiatio,
893 4952 1017 5009 nondum
1029 4950 1086 5007 sint
1099 4948 1198 5020 editae,
1213 4960 1354 5019 speramus
1373 4948 1466 5001 muron
1478 4940 1681 5015 quamprimum

54 5058 114 5100 nr
128 5042 191 5114 jam
210 5047 273 5099 turn
288 5040 433 5099 Nirolie
453 5042 597 5098 nostruin
616 5040 690 5097 votis
707 5056 740 5096 ac
760 5056 844 5113 scopo
893 5057 940 5097 cas
959 5040 996 5096 ab
1015 5038 1077 5112 ipso
1096 5039 1192 5093 autore
1212 5034 1316 5092 editum
1336 5032 1387 5102 iri;
1410 5030 1446 5087 ad
1464 5029 1681 5102 Metapbysicam

56 5132 131 5191 dee
144 5130 239 5207 lirim,
254 5131 337 5205 longe
354 5131 476 5208 meliore,
496 5147 579 5203 quam
598 5129 698 5188 Ranii
716 5129 841 5204 miralio,
863 5115 871 5207 Ι
894 5126 1103 5187 Aristotelis
1126 5124 1215 5184 solido
1232 5118 1512 5264 oompqibuuleudam
1530 5118 1679 5193 plurimum
