3706 5828
106 303 172 376 148
587 317 713 376 xnvnr.
756 319 807 375 nn
829 281 959 375 aueum
981 316 1255 374 omemnrronn.

105 464 171 519 dent
193 459 382 516 commoditati
406 459 521 516 aedificii
544 460 767 534 multitudinique
787 466 815 518 et
841 456 918 515 ele'
941 458 1054 531 jusdam
1070 458 1276 515 determinantis
1292 457 1468 531 metaphysici
1479 458 1665 530 cumphysico
1675 474 1733 530 gra·

104 549 213 624 gantiae
231 564 406 604 marciarum
439 549 475 603 Et
495 565 553 604 sese
572 567 615 604 res
634 549 716 606 habet
735 550 788 606 ιιι
780 567 809 605 ιιι
824 547 895 604 ludis
944 548 1021 604 rium
1042 564 1195 621 corporum,
1218 548 1271 603 etsi
1292 547 1402 620 elegans
1423 547 1592 618 rideatur‚'
1584 565 1613 601 m
1635 563 1669 603 eo
1692 551 1734 602 ta·

104 637 268 712 quibusdam
281 653 345 691 cum
358 637 418 692 loca
432 637 526 694 omniu
539 637 569 692 in
580 638 674 693 tabula
688 643 752 694 sunt
766 636 895 712 replenda
945 653 1010 693 men
1037 637 1127 692 delicit
1153 636 1228 708 quod
1254 636 1350 709 gravia
1375 635 1493 690 nitentia
1514 651 1577 690 vere
1599 635 1733 706 existunt,

105 726 251 783 mudum
275 729 363 781 certas
388 726 475 798 leges,
498 725 546 781 ubi
565 726 621 780 nisi
641 727 757 783 artificio
774 725 930 807 quodam
945 730 974 781 at
990 700 1184 809 possibilitates
1202 742 1249 779 seu
1265 725 1471 781 essentiaeantc
1488 723 1532 777 vel
1551 729 1658 796 praeter
1675 723 1735 780 exi·

104 819 196 887 utare,
211 818 348 887 postremo
369 813 464 888 spatiis
483 800 631 871 circiusus
623 815 737 889 iniquis,
757 808 836 889 phura
849 829 895 871 co-
928 804 1074 870 aenean
1095 818 1159 875 sunt
1181 813 1343 885 inmginaria
1364 829 1411 868 seu
1433 810 1545 884 remu,
1570 813 1646 868 nulla
1667 829 1733 884 ergo

105 904 176 976 geris
196 903 257 958 loca
276 902 428 974 relinquere
447 918 545 976 vacua,
568 919 651 975 quam
665 909 774 976 poteras
789 905 843 959 vel
847 919 894 958 vo·
944 900 1155 974 inipsisquaen
1147 900 1541 975 po.testrati0existendi-
1506 895 1733 973 -Respondeo,

105 992 188 1047 lebas.
232 991 312 1047 Certa
335 995 427 1046 autem
451 991 522 1047 ratio
547 996 589 1047 est
613 1009 662 1063 per
679 1008 762 1064 quam
781 991 895 1064 repletio
946 1006 1033 1062 neque
1055 990 1185 1046 essentias
1207 991 1282 1062 istas,
1305 1007 1393 1062 neque
1414 994 1538 1047 aeternas
1554 989 1671 1062 deipsis
1687 1007 1733 1044 ve-

104 1080 228 1136 maxima
247 1079 375 1135 facillime
394 1079 538 1136 obtinetur.
577 1079 626 1134 Uti
645 1096 710 1153 ergo
725 1081 749 1135 si
762 1095 896 1154 ponamus
945 1079 1040 1146 litatae
1061 1094 1129 1151 quas
1150 1083 1257 1150 vocant,
1280 1096 1339 1134 esse
1360 1078 1476 1150 fictitias,
1499 1077 1546 1132 sed
1567 1078 1685 1134 existere
1701 1077 1733 1132 in

106 1169 244 1226 decretum
258 1184 316 1223 esse
330 1172 361 1222 ut
375 1168 422 1223 liat
437 1168 601 1240 triangulum
616 1169 691 1224 nulla
705 1170 769 1226 licet
782 1167 837 1225 alle
851 1184 896 1224 ae-
946 1167 1064 1240 quadam
1085 1172 1116 1223 ut
1137 1167 1177 1223 sic
1199 1169 1289 1224 dicam
1304 1167 1415 1238 regione
1432 1166 1563 1238 idearum,
1585 1183 1685 1239 nempe
1701 1166 1732 1221 in

106 1257 208 1314 uidenti
219 1256 418 1312 determinandi
429 1256 544 1327 ratione,
560 1273 726 1329 consequens
736 1263 787 1330 est,
802 1256 895 1329 aequi-
945 1256 1006 1328 ipso
1028 1257 1101 1330 Deo,
1125 1257 1258 1312 essentiae
1279 1255 1368 1312 omnis
1383 1255 1598 1327 existentiaeque
1612 1262 1732 1312 caetero·

106 1346 222 1402 laterum
234 1344 357 1417 prodire3
372 1349 400 1401 et
416 1345 507 1417 posito
517 1346 683 1403 tendendum
697 1347 894 1419 esseapuncto
944 1347 1101 1402 rumlonte.
1134 1345 1215 1410 Quod
1230 1363 1265 1401 ne
1280 1345 1364 1418 gratis
1379 1343 1481 1400 dixisse
1498 1344 1648 1416 videamur,
1672 1344 1732 1415 ipsa

106 1435 143 1490 ad
162 1439 305 1507 punctum,
326 1432 389 1490 lieet
410 1433 477 1487 nihil
496 1432 569 1489 ultra
583 1434 635 1490 iter
649 1435 826 1506 determinat,
849 1433 895 1488 via
945 1434 1048 1489 indicat
1068 1433 1213 1489 existentia
1224 1434 1302 1490 seriei
1317 1449 1408 1489 rerum
1423 1433 1544 1487 actualis.
1577 1433 1646 1488 Cum
1657 1433 1732 1489 enim

107 1523 221 1594 eligetur
239 1521 360 1577 maxime
379 1521 467 1576 facilis
487 1538 535 1577 seu
550 1523 723 1596 brevissima,
744 1522 894 1596 imposito
946 1522 976 1579 in
997 1538 1031 1578 ea
1051 1522 1123 1579 ratio
1144 1539 1201 1578 non
1222 1523 1376 1578 inveniatur
1398 1525 1429 1575 ut
1450 1537 1531 1593 supra
1553 1521 1731 1593 ostendimus,

107 1611 205 1684 semel,
225 1626 274 1666 ens
293 1609 448 1682 praevalere
462 1603 604 1685 non-enti,
625 1629 674 1668 seu
687 1613 823 1669 rationem
836 1626 896 1667 esse
945 1611 993 1667 sed
1019 1611 1050 1666 in
1074 1611 1266 1684 metaphysicis
1292 1609 1511 1682 necessitanbus,
1539 1626 1587 1665 seu
1613 1610 1732 1666 aeternis

107 1716 156 1756 eur
169 1698 273 1771 aliquid
287 1698 379 1771 potius
391 1698 513 1755 extiterit
526 1715 609 1771 quam
623 1701 706 1775 nihil,
728 1702 785 1757 sive
799 1717 817 1756 a
833 1717 895 1773 pos·
945 1699 1105 1755 veritatibus
1130 1700 1167 1755 sit
1193 1699 1360 1772 quaerenda,
1388 1698 1535 1754 existentia
1559 1705 1653 1755 autem
1675 1716 1733 1754 non

108 1778 239 1844 sibilitate
252 1787 446 1843 hanseundum
460 1804 520 1844 esse
534 1787 569 1843 ad
584 1792 683 1864 actum,
699 1791 770 1865 hinc,
785 1789 838 1846 etsi
853 1788 896 1843 ni·
945 1787 1051 1862 possint
1078 1805 1137 1844 esec
1167 1788 1223 1843 nisi
1243 1788 1280 1844 ab
1301 1787 1496 1858 existentibus,
1517 1791 1550 1842 ιιι
1566 1787 1627 1856 jam
1648 1805 1732 1861 supra

107 1876 147 1935 hil
176 1876 249 1932 ultra
274 1875 483 1951 determinetur,
509 1892 675 1949 consequens
699 1883 749 1952 est,
778 1877 896 1934 existere
945 1877 1111 1951 monuimus,
1134 1880 1243 1950 oportet
1263 1882 1387 1932 aeternas
1409 1876 1536 1931 veritates
1556 1878 1732 1933 existentiam

107 1968 240 2038 quantum
253 1964 401 2038 plurimum
416 1969 505 2038 potest
514 1982 565 2038 pro
575 1967 705 2040 temporis
716 1968 822 2040 locique
832 1965 895 2036 (seu
944 1966 1049 2022 turbere¹
1065 1966 1095 2021 in
1115 1966 1237 2038 quodam
1257 1965 1379 2034 subjecto
1400 1965 1526 2020 absolute
1545 1971 1574 2022 et
1591 1966 1733 2039 metaphy-

108 2053 212 2109 ordinis
242 2053 381 2126 possibilis
410 2054 569 2126 existendi)
595 2057 758 2129 capacitate,
784 2071 895 2129 prorsus
944 2054 998 2110 sice
1019 2053 1184 2126 necessario,
1212 2054 1241 2110 id
1262 2059 1304 2110 est
1325 2055 1355 2109 in
1376 2054 1450 2125 Deo,
1479 2071 1529 2126 per
1554 2071 1635 2126 quem
1657 2055 1732 2127 haer,

108 2142 346 2214 quemadmodum
369 2142 410 2198 ita
437 2137 639 2218 cemponuutur
668 2137 790 2202 tessellm
814 2147 846 2200 ut
864 2145 894 2200 in
944 2159 1014 2215 quae
1036 2143 1139 2216 alioqui
1166 2143 1329 2215 imaginaria
1357 2145 1460 2214 forent,
1488 2146 1519 2197 ut
1541 2143 1658 2199 barbare
1683 2144 1732 2199 sed

108 2230 250 2304 proposita
271 2247 337 2287 area
358 2246 441 2302 quam
457 2231 590 2304 plurimae
605 2232 754 2307 capiantur.
792 2233 837 2289 Ex
851 2234 894 2289 his
943 2232 1126 2306 significanter
1151 2231 1287 2306 dicamus,
1308 2232 1477 2288 realisentur.

105 2318 167 2389 jam
194 2319 308 2376 mirifice
327 2319 497 2394 intelligitur,
520 2323 659 2394 quomodo
680 2323 710 2378 in
731 2323 792 2396 ipsa
814 2323 896 2394 origi·
988 2321 1024 2376 Et
1039 2338 1104 2377 vero
1119 2337 1214 2393 empse
1230 2320 1260 2376 in
1275 2320 1379 2376 mundo
1394 2319 1620 2392 deprehendimus
1636 2319 1732 2376 omnia

108 2408 221 2465 natione
241 2425 333 2464 rerum
348 2408 480 2464 Mathesis
501 2411 635 2483 quaedam
651 2411 752 2467 Divina
773 2428 821 2467 seu
837 2411 896 2466 Me-
943 2410 1003 2466 heri
1029 2409 1176 2465 secundum
1203 2409 1275 2482 leger
1302 2414 1474 2465 aeternarum
1501 2409 1648 2465 veritatum
1673 2426 1733 2464 non

107 2497 262 2553 ehanismm
278 2497 478 2570 metaphysicus
488 2502 654 2574 exerceatur,
677 2505 705 2556 et
719 2497 835 2556 maximi
849 2496 894 2557 de-
944 2503 1052 2554 tantum
1078 2498 1254 2571 geometricas
1281 2497 1329 2554 sed
1351 2502 1379 2554 et
1400 2495 1613 2570 metaphysicas,
1639 2498 1735 2555 idest

107 2585 266 2642 terminatio
291 2586 376 2642 habe-t
395 2586 495 2642 Ιοοιιιιι.
533 2588 581 2644 Uti
602 2605 640 2644 ex
661 2589 789 2645 omnibus
810 2605 895 2662 angu-
944 2605 1002 2644 non
1023 2591 1131 2642 tantum
1152 2586 1300 2642 secundum
1315 2586 1488 2642 necessitates
1499 2587 1661 2658 materiales,
1684 2587 1733 2642 sed

107 2674 143 2730 lis
165 2672 362 2731 determinatus
383 2677 534 2732 estractus
560 2677 591 2732 in
617 2678 780 2751 geometria,
803 2680 832 2734 et
854 2677 895 2733 uti
945 2680 974 2732 et
1000 2675 1149 2731 secuudum
1169 2675 1342 2731 necessitates
1363 2674 1506 2746 formalem
1533 2674 1615 2747 idque
1636 2691 1734 2732 venun

107 2762 227 2835 liquores
255 2763 286 2818 in
312 2764 496 2837 heterogcneis
517 2765 600 2838 positi
622 2782 681 2823 sese
702 2768 731 2823 in
752 2766 896 2840 capacissi-
945 2770 987 2822 est
1008 2781 1065 2821 non
1081 2759 1195 2820 'astum
1210 2763 1379 2837 generaliter,
1402 2764 1433 2819 in
1448 2762 1481 2820 et
1497 2776 1580 2836 quam
1596 2779 1670 2820 nuuc
1684 2780 1735 2820 ex·

108 2865 184 2907 mam
205 2851 319 2924 tigmam
340 2868 438 2926 nempe
459 2853 626 2927 sphaericam
647 2858 824 2928 componunt,
846 2855 896 2911 sed
945 2854 1105 2927 plicavimus
1130 2853 1237 2908 latione
1258 2853 1353 2908 mundi
1374 2852 1517 2908 existentis
1537 2852 1629 2925 potius
1649 2869 1736 2926 quam

107 2939 281 3013 potissimum
306 2940 349 2995 uti
370 2938 401 2996 iu
420 2940 481 3014 ipm
501 2943 655 2999 mechanica
676 2938 823 3000 communi
836 2943 896 3017 plu·
945 2959 1003 2998 non
1023 2942 1174 3014 existentis,
1197 2944 1225 2997 et
1246 2941 1285 2998 sic
1306 2942 1396 3014 potius
1418 2957 1501 3014 quam
1521 2941 1602 2997 aliter
1615 2942 1736 2998 existen·

109 3029 186 3086 ribus
207 3027 366 3102 corporibus
388 3030 515 3102 maribus
536 3031 609 3088 inter
629 3049 658 3088 se
673 3032 839 3089 luctantibus
855 3037 896 3087 ta·
945 3032 982 3086 tis
1004 3029 1089 3103 (quae
1109 3031 1204 3102 utique
1225 3047 1262 3086 ex
1282 3030 1454 3103 possibilium
1470 3029 1609 3086 tendentia
1622 3031 1660 3087 ad
1675 3031 1737 3087 exi·

107 3116 143 3174 lis
165 3116 275 3173 demum
296 3117 383 3174 oritur
404 3122 509 3192 motus,
532 3136 683 3193 perquem
704 3121 895 3178 htmaximus
945 3119 1071 3176 stenelum
1092 3119 1210 3192 petenda
1234 3112 1299 3195 est),
1322 3120 1370 3174 scd
1391 3119 1475 3174 etiam
1491 3118 1527 3174 ad
1543 3119 1673 3191 specialia
1687 3120 1736 3176 de·

108 3206 253 3263 decessus
268 3205 299 3262 in
313 3223 427 3263 summa
460 3208 534 3263 Sicut
550 3209 625 3264 enim
640 3209 735 3282 omnia
750 3209 895 3283 possibilia
944 3208 1097 3264 scandendo
1124 3207 1248 3263 videmus
1274 3209 1395 3264 mirabili
1422 3207 1530 3263 ratione
1553 3208 1583 3263 in
1604 3212 1664 3263 tota
1685 3224 1737 3263 na-

108 3294 169 3368 pari
186 3294 251 3363 jure
271 3295 308 3352 ad
325 3296 499 3351 existendum
514 3293 629 3354 tendunt
643 3315 694 3372 pro
709 3300 816 3356 ratione
835 3315 895 3357 rea·
923 3294 926 3298 ’
945 3302 1007 3353 tura
1027 3297 1128 3352 habere
1149 3294 1240 3353 locu'm
1261 3297 1334 3369 leges
1355 3295 1551 3369 metaphysioas
1560 3312 1666 3368 causae,
1685 3313 1738 3369 po-

108 3382 203 3457 litatis,
225 3384 266 3440 ita
284 3385 378 3440 omnia
393 3385 514 3459 pondera
529 3387 589 3458 pari
601 3386 665 3455 jure
679 3387 716 3443 ad
731 3388 894 3445 descenden-
944 3385 1061 3459 tentiae,
1088 3384 1218 3460 milonis,
1249 3401 1348 3458 easque
1368 3383 1434 3459 ipsis
1455 3384 1561 3457 legibus
1582 3401 1650 3457 pure
1671 3402 1734 3458 geu

108 3471 175 3528 dum
190 3473 306 3529 tendunt
322 3490 372 3546 pro
388 3473 495 3530 ratione
511 3475 661 3549 gravitabs,
684 3480 713 3532 ct
727 3481 759 3532 ut
775 3478 819 3534 hic
833 3493 897 3550 pro·
945 3473 1064 3531 metricis
1090 3473 1220 3530 materiae
1249 3474 1417 3547 praevalere,
1445 3472 1677 3546 quemadmodum
1702 3474 1736 3529 in

108 3560 150 3617 dit
163 3565 264 3635 mettre,
286 3576 341 3634 quo
355 3563 511 3618 continetur
527 3579 609 3635 quam
626 3565 762 3621 maximus
772 3565 896 3640 gravium
946 3562 1090 3619 reddendis
1115 3562 1207 3633 legum
1233 3567 1324 3618 motus
1351 3562 1504 3619 rationibus
1525 3577 1625 3633 magna
1645 3562 1738 3618 adrni-

108 3649 266 3724 descensus,
299 3649 338 3706 ita
370 3651 428 3707 illic
459 3650 552 3725 prodit
585 3654 701 3709 mundus
734 3671 783 3728 per
814 3669 897 3727 quern
946 3652 1052 3708 ratione
1078 3666 1140 3707 mea
1167 3651 1332 3724 deprehendi
1358 3667 1444 3723 usque
1472 3649 1558 3724 adeo,
1585 3654 1617 3705 ut
1642 3651 1736 3724 legem

107 3739 230 3794 maxima
251 3741 281 3795 tit
301 3739 474 3813 possibilium
494 3741 643 3812 productio.
946 3738 1152 3814 compositionis
1168 3740 1347 3813 geometricae
1357 3742 1513 3811 conatuum,
1528 3738 1738 3807 olimajurene

152 3827 245 3899 Atque
266 3828 305 3884 ita
323 3826 385 3896 jam
406 3829 538 3887 habemus
553 3830 693 3903 physicam
706 3829 896 3887 nemimem
946 3828 1024 3898 (eum
1046 3829 1195 3884 materialis
1215 3828 1302 3901 magis
1323 3827 1424 3896 mem)
1446 3827 1593 3899 defensam,
1615 3828 1738 3901 derrique

108 3929 146 3969 ex
167 3916 366 3991 metaphysica,
394 3918 446 3974 etsi
466 3917 542 3973 enim
563 3919 680 3974 muudus
701 3934 759 3974 non
780 3918 817 3974 sit
838 3935 896 3975 me·
945 3918 1067 3974 deserere
1092 3917 1145 3975 sim
1171 3922 1294 3990 coactus,
1322 3922 1353 3972 ut
1378 3915 1446 3972 alibi
1473 3933 1491 3972 a
1512 3933 1557 3974 me
1578 3916 1664 3972 tusius
1686 3934 1737 3972 ex·

108 4003 248 4074 taphysice
268 4005 442 4080 necessarius,
465 4005 505 4067 tu
530 4011 562 4062 ut
587 4007 753 4063 conhadum
774 4007 896 4081 implicet
944 4007 1083 4080 plicatum.

107 4091 351 4157 contradictionem
372 4111 419 4150 seu
434 4094 629 4152 absurditatem
644 4097 774 4170 logicam,
797 4102 840 4152 est
854 4102 896 4153 ta·
989 4094 1032 4151 lta
1060 4111 1125 4166 ergo
1146 4095 1277 4151 habemus
1298 4093 1424 4150 ultimam
1444 4093 1580 4151 rationem
1600 4092 1737 4150 realitatis

108 4195 173 4235 men
199 4179 364 4255 necessarius
391 4183 500 4255 physice
521 4185 566 4239 vel
587 4183 781 4242 determinatus
803 4185 843 4241 ita
864 4189 896 4241 ut
946 4189 1004 4239 taur
1019 4185 1198 4239 emendarum
1214 4200 1297 4257 quam
1312 4183 1635 4252 existentiaruminuno‚
1657 4184 1736 4254 quod
1766 4202 1769 4207 ’

108 4267 277 4324 contrarium
302 4269 424 4342 implicet
450 4260 751 4343 imperfectionem'seu
773 4273 896 4330 absurdi·
945 4272 1040 4345 utique
1066 4272 1169 4328 mundo
1195 4273 1256 4346 ipso
1278 4270 1368 4340 majus
1394 4271 1532 4345 superius,
1559 4270 1737 4342 anteriusque

109 4359 195 4412 tatem
217 4357 358 4434 moralem.
392 4357 427 4412 ut
447 4363 479 4414 ut
492 4354 658 4434 possibilitas
674 4366 715 4418 est
731 4360 895 4435 principium
946 4378 1005 4418 esse
1036 4378 1145 4418 neeesse
1170 4366 1227 4434 cst,
1260 4376 1322 4416 cum
1349 4377 1399 4432 per
1425 4361 1515 4434 ipsum
1542 4376 1597 4414 non
1624 4363 1737 4415 tantum

108 4444 251 4519 montiae,
275 4445 322 4500 ita-
336 4445 464 4519 perleetio
485 4464 533 4504 seu
553 4451 686 4507 msentiae
707 4451 806 4524 gradus
828 4448 896 4523 (per
946 4449 1195 4524 existentiaquae
1216 4450 1333 4505 muudus
1347 4449 1542 4523 complectitur,
1564 4448 1612 4505 sed
1627 4451 1656 4503 et
1671 4465 1737 4520 pus·

105 4548 191 4606 quem
212 4533 330 4605 plurima
340 4539 405 4590 sunt
414 4536 633 4611 compossibilia)
649 4539 896 4612 prirmiplmnexis·
945 4538 1037 4594 sibilia
1058 4541 1178 4596 habeant
1198 4539 1357 4594 realitatem.
1391 4540 1421 4595 ld
1443 4543 1537 4593 autem
1558 4536 1686 4593 nonnisi
1703 4537 1737 4591 in

108 4621 222 4679 tentiae.
256 4621 336 4678 Unde
362 4622 443 4679 simul
470 4627 546 4697 patet
566 4627 705 4697 quomodo
726 4627 839 4684 libertas
859 4626 896 4682 sit
945 4642 1002 4682 uno
1024 4629 1099 4684 lente
1120 4627 1215 4700 quaeri
1236 4631 1326 4701 potest
1346 4627 1383 4683 oh
1404 4629 1502 4682 horum
1523 4626 1648 4682 omnium
1669 4642 1736 4682 con-

108 4711 139 4767 in
160 4715 256 4766 autore
277 4710 382 4783 mundi,
404 4712 469 4768 licet
489 4712 583 4768 omnia
604 4714 686 4771 meiat
702 4715 895 4772 determinater
946 4715 1094 4771 nexionem
1119 4716 1192 4773 inter
1218 4732 1256 4771 se.
1295 4717 1374 4771 Patet
1399 4719 1492 4772 autem
1518 4715 1555 4772 ab
1582 4715 1632 4770 hac
1658 4716 1737 4771 tonte

109 4799 175 4873 quia
195 4799 253 4874 agit
274 4815 311 4863 ex
332 4798 467 4881 principio
483 4800 633 4874 sapientiae
648 4818 697 4859 seu
714 4804 896 4877 per-lectionis.
945 4820 989 4860 res
1010 4804 1157 4860 existentes
1176 4805 1304 4861 continue
1319 4819 1482 4876 prumanare
1496 4821 1529 4860 ac
1545 4801 1657 4876 produci
1673 4820 1737 4875 pro-

108 4888 216 4946 Scilicat
229 4887 414 4947 rudimentis
427 4888 464 4944 ab
479 4889 633 4963 ignorantia
648 4891 736 4948 οιιιιιι·
750 4897 779 4949 οι
792 4896 896 4966 quanto
946 4891 1094 4964 ducesque
1115 4909 1183 4964 esse,
1204 4909 1266 4949 cum
1288 4910 1344 4949 non
1366 4899 1496 4966 appareat
1517 4909 1566 4948 cur
1586 4906 1657 4946 unus
1680 4896 1737 4945 sta·

14 4985 17 4995 '
108 4977 223 5053 quisque
238 4976 326 5051 magis
340 4980 383 5034 etl
396 4977 505 5053 sapiens
520 4979 698 5053 tantomagia
712 4979 896 5053 adparleetis·
946 4983 991 5034 tue
1024 4980 1120 5036 mundi
1146 4983 1233 5055 magis
1260 4980 1342 5055 quam
1369 4983 1457 5054 allus,
1481 4982 1621 5038 haema
1647 4980 1737 5052 magis

109 5067 209 5123 dmum
231 5070 273 5123 eat
293 5065 495 5134 determinatus.
753 5131 755 5135 ³
919 5082 1029 5143 quam
1044 5068 1192 5125 hodiemus
1206 5071 1267 5126 ab·
1259 5072 1456 5143 rpsufluat.-
1472 5071 1551 5125 Patet
1566 5069 1650 5125 etiam
1666 5082 1736 5140 quo·

152 5155 192 5215 At
213 5140 367 5232 (inquies)
380 5155 550 5233 comparatio
570 5155 636 5212 hacc
657 5155 833 5213 mechanismi
850 5172 896 5215 m·
918 5148 923 5211 l
946 5158 1030 5215 modo
1041 5157 1115 5215 Deus
1129 5173 1187 5215 nou
1203 5163 1309 5215 tantem
1326 5158 1436 5232 phisico
1452 5159 1499 5216 sed
1514 5165 1543 5215 et
1556 5158 1644 5215 libere
1659 5162 1735 5232 agat,
