3712 5842
154 320 222 390 ita
547 316 673 379 xm
693 316 745 377 DE
765 312 1107 378 amuomausmms
1126 312 1177 374 Π
1195 308 1391 374 iusum

160 468 227 531 nie
243 467 335 542 eim,
355 462 500 523 &molam
517 462 599 519 aveir
616 462 675 519 lien
692 459 908 535 edetimnt,
929 461 955 517 a
997 459 1058 518 erit
1076 449 1155 517 n'ont
1171 458 1234 515 riert
1251 451 1512 527 d‘inenrmontmle,
1530 464 1642 509 comam
1659 462 1699 507 eu
1712 450 1799 507 hou·-

162 562 232 620 dene
244 558 273 615 lo
285 570 367 630 corpe
384 543 468 625 iln’y
482 552 560 610 avoit
572 555 651 609 autre
663 550 812 624 obesaque
825 566 858 608 oe
870 542 955 622 qu'ou
997 564 1064 605 rma
1077 564 1114 604 en
1127 548 1167 604 les
1179 544 1323 617 redigeaat
1336 562 1372 603 en
1385 546 1485 603 terme.
1520 540 1560 599 ie
1573 541 1605 598 P.
1618 535 1792 612 origoire

163 648 307 723 yoortcoit
319 645 397 701 mian
410 644 617 715 Descertes,
638 645 669 696 et
681 638 772 695 mame
785 640 862 696 selon
875 641 955 696 Gee-
997 638 1039 695 de
1051 635 1415 695 Saintvinceuteiort
1429 633 1493 690 bieu
1506 626 1617 687 matre
1631 644 1682 704 per
1695 628 1724 684 ie
1735 627 1793 727 eal·-

160 736 274 797 eeudi
310 734 382 791 ideis
395 747 503 791 comm
519 721 573 801 j'ai
586 727 683 786 unove
700 744 755 801 que
768 728 797 784 la
810 733 908 785 nature
920 744 956 785 en
998 727 1043 785 cul
1057 727 1148 783 meme
1165 725 1201 783 de
1220 726 1249 782 la
1260 719 1421 780 divisibilite
1440 719 1584 791 elmoni,
1604 709 1736 775 l'endreit
1754 730 1794 774 ou

163 844 214 885 ue
232 828 296 883 tout
307 825 462 882 mumma
481 817 617 890 itl'egard
629 818 668 875 du
681 820 871 889 mourement,
888 817 958 874 c'eat
998 816 1139 874 Achille
1153 814 1213 871 deit
1225 818 1348 887 attraper
1360 812 1390 868 is
1402 814 1494 869 tertuli
1506 810 1556 883 qui
1568 806 1739 877 lcuevenaa,
1751 821 1794 862 ee·

164 932 206 973 on
218 914 269 972 dee
282 928 341 971 mes
354 926 503 984 omuamm
521 914 618 967 contre
636 909 665 964 la
677 907 775 963 notien
788 920 869 974 mene
882 904 917 959 de
929 906 958 961 la
1000 907 1047 963 lon
1061 906 1088 962 lo
1102 904 1264 980 proportior
1277 901 1327 957 dee
1341 901 1461 957 viteeaos
1497 896 1579 956 Airrai
1592 897 1622 953 la
1634 891 1796 954 momente

164 1010 264 1063 nature
276 1002 316 1060 du
329 1018 425 1075 corpe,
445 1014 552 1056 comtum
562 989 615 1068 j'ai
627 991 742 1068 indique
755 994 826 1053 daus
839 994 867 1051 le
879 993 960 1050 Jour·
999 998 1057 1053 emt
1070 990 1089 1050 i
1101 994 1219 1067 dissipet
1231 1008 1277 1049 eae
1289 989 1435 1047 difficulter
1447 990 1621 1063 appamia
1681 1062 1689 1085 ⁹

164 1094 213 1154 ml
227 1093 277 1150 dee
290 1094 395 1151 &vans
407 1088 446 1145 du
459 1087 558 1146 second
573 1085 638 1143 Jain
657 1083 752 1143 16⁹2.
1046 1083 1080 1139 ie
1093 1083 1150 1139 suis
1163 1080 1304 1138 tellement
1322 1094 1393 1153 pour
1404 1077 1505 1135 l'inini
1518 1075 1624 1149 actual,
1642 1086 1726 1147 quau
1739 1070 1796 1129 lieu

210 1182 305 1249 Quem
328 1195 385 1236 aux
405 1177 464 1234 ind
473 1174 653 1249 irisiblee,
676 1174 733 1230 lore
753 1164 840 1245 qa'on
860 1169 961 1227 entend
1003 1159 1163 1227 d’edmettre
1175 1186 1231 1242 que
1244 1171 1272 1227 la
1285 1174 1383 1225 uetare
1396 1168 1545 1237 l'ablmrre,
1559 1170 1668 1221 conum
1681 1160 1741 1219 lm
1754 1158 1797 1217 dit

165 1286 219 1347 par
246 1268 275 1328 li
297 1270 338 1327 lea
358 1267 470 1339 amplos
488 1263 647 1324 extremitas
672 1262 710 1319 da
728 1266 799 1318 tems
822 1276 859 1315 oa
879 1260 914 1316 de
933 1259 962 1316 la
1004 1260 1209 1332 vulgairemeat,
1222 1253 1711 1329 jetiensqu'cllel'aiioetepertoui,
1725 1264 1798 1323 pour

166 1360 254 1433 ligne,
282 1374 319 1416 en
338 1358 386 1427 n'y
408 1356 514 1412 eooroit
531 1353 676 1412 concavoir
701 1351 737 1408 de
755 1349 896 1407 nouvelles
913 1364 962 1406 ex·
1004 1350 1098 1407 miens
1108 1362 1235 1419 merquer
1245 1346 1286 1402 leo
1295 1346 1459 1420 perfectione
1468 1344 1504 1401 de
1513 1359 1567 1399 eon
1577 1344 1694 1399 Auieur.
1716 1338 1800 1395 Δία

166 1445 302 1523 tramitis,
323 1447 353 1505 ni
368 1446 417 1502 des
434 1444 536 1520 parties
551 1442 693 1513 aetuellce,
715 1440 745 1496 ni
759 1438 962 1513 pontentielles.
1000 1437 1032 1508 je
1044 1438 1117 1495 crois
1131 1429 1198 1510 qu’il
1213 1435 1261 1506 u'y
1275 1451 1293 1489 a
1306 1448 1408 1491 amane
1422 1433 1512 1508 partie
1525 1430 1561 1488 de
1574 1430 1605 1487 la
1618 1423 1737 1487 muliera
1749 1424 1799 1499 qui

165 1536 249 1596 almi
262 1538 304 1594 les
318 1535 412 1610 points
432 1550 467 1591 ue
481 1538 545 1590 sont
564 1532 594 1589 ui
608 1547 672 1603 gros
685 1529 715 1587 ni
729 1529 825 1603 petits,
848 1530 879 1583 et
891 1527 912 1582 il
927 1543 963 1583 ne
1004 1543 1040 1584 ne
1054 1527 1123 1601 soit,
1142 1524 1173 1596 jc
1186 1540 1222 1582 ne
1235 1523 1279 1580 dis
1292 1538 1342 1596 pas
1356 1523 1499 1596 diririble,
1520 1520 1592 1577 roais
1604 1517 1801 1576 actuallemsut

166 1626 228 1684 iant
241 1625 321 1700 point
338 1625 373 1681 de
386 1630 449 1679 aaut
467 1638 538 1697 pour
557 1621 596 1677 les
610 1636 713 1695 passm.
756 1616 917 1691 Cependent
936 1615 963 1672 ie
1005 1615 1125 1688 divisae,
1150 1617 1181 1670 et
1199 1630 1251 1688 par
1271 1607 1438 1681 comiquers
1462 1611 1491 1667 la
1509 1608 1637 1666 moindre
1654 1602 1801 1681 narthali·

166 1714 290 1789 muno,
313 1712 448 1786 qaoiqu'il
462 1712 504 1768 ait
517 1714 652 1784 por-tout
665 1708 700 1765 da
715 1707 767 1763 teis
781 1705 961 1777 indivisibles,
1006 1704 1065 1762 doit
1078 1706 1138 1761 atre
1150 1700 1308 1759 considered
1327 1714 1436 1756 comme
1454 1713 1491 1753 ua
1504 1698 1607 1757 monde
1624 1696 1702 1774 plan
1714 1687 1803 1754 ‹l’me

166 1802 380 1877 n’eaeetpoint
394 1798 541 1875 composi,
561 1813 670 1856 mmme
689 1795 827 1853 ileembla
847 1810 902 1868 que
922 1793 963 1850 lea
1004 1791 1309 1853 iniiuitddaereaturee
1325 1785 1493 1846 differentes·
1699 1796 1703 1805 ·

166 1891 321 1963 objoetieru
339 1890 376 1948 de
387 1889 547 1964 Sceptiquee
564 1888 592 1944 le
611 1889 773 1961 enppoemt,
792 1883 840 1960 qui
859 1882 877 1940 i
895 1896 965 1959 moa

893 2256 1086 2351 xxxu.

220 2590 769 2717 NOTIONIBUS
813 2416 1065 2713 1Πέῗὸ
1113 2588 1224 2708 ΕΤ
1268 2582 1755 2710 JUSTITIAE.

881 2811 1107 2970 laea.

177 3126 277 3193 (codex
293 3130 362 3178 iuris
379 3130 493 3177 (lentium
510 3128 696 3186 diplomaticus,
715 3129 741 3176 iu
758 3140 808 3183 ouo
827 3129 938 3176 'rabulae
956 3128 1120 3175 Autuentloae
1137 3128 1255 3174 Actorum
1271 3128 1438 3185 aulicorum,
1456 3129 1631 3184 rrenetnnn,
1652 3124 1810 3180 tumme

175 3214 257 3251 rerum
274 3202 378 3258 aumerle
395 3200 511 3248 momenti
528 3203 708 3256 nerturopam
725 3206 860 3257 gestorum,
878 3202 1011 3255 pleraeque
1029 3200 1135 3245 ineditae
1152 3201 1194 3245 vei
1212 3204 1329 3255 selectae,
1347 3201 1402 3255 loeo
1420 3200 1552 3244 veriorum
1567 3203 1653 3244 tenore
1666 3206 1810 3253 expressae

176 3286 209 3322 ee
225 3280 362 3329 temporum
379 3273 446 3318 serie
463 3272 591 3327 digestae,
613 3272 778 3325 continentur:
806 3282 824 3317 e
845 3271 892 3317 ine
915 3271 994 3316 secali
1011 3270 1134 3317 undecimi
1151 3272 1183 3315 ed
1200 3276 1288 3316 nostre
1305 3282 1386 3325 neore
1404 3277 1513 3325 tempore
1532 3270 1626 3323 eilonot
1648 3268 1721 3315 toreis
1743 3278 1811 3314 eom·

174 3348 331 3401 prehensum
358 3354 430 3397 ouem
453 3353 486 3389 ex
514 3342 690 3397 manuscriptio
712 3341 857 3397 praesertim
875 3342 1043 3389 Bibliothecae
1060 3342 1191 3395 Augustae
1209 3341 1406 3396 uualletytaneo
1425 3340 1567 3397 Codicioue,
1590 3352 1624 3387 ex
1641 3337 1810 3387 monumentis

174 3414 310 3473 Remorum
333 3414 487 3468 moramque
503 3413 669 3460 milvorum
693 3423 724 3459 ec
746 3413 855 3467 nroorlie
878 3414 982 3467 denique
1001 3412 1165 3458 Collectanels
1187 3412 1261 3457 edidit
1283 3415 1313 3457 ii.
1332 3415 1361 3457 (a.
1380 3415 1409 3461 1,.
1427 3414 1592 3458 uannoueree
1608 3411 1701 3457 Literls
1718 3415 1747 3457 et
1762 3412 1812 3457 in·

575 3484 661 3539 oensis
677 3485 801 3532 samuelis
819 3485 942 3530 Ammomi
957 3484 1116 3530 iincxcili.
1151 3483 1262 3531 Prteiet.
1280 3484 1314 3529 ad
1330 3480 1401 3543 leot.)

882 3602 1093 3615 ..κ-ὴ.-

219 3731 318 3789 iuris
343 3733 372 3788 et
393 3728 564 3801 justitiae
590 3729 718 3787 notiones
732 3731 817 3787 etiam
841 3735 907 3804 post
932 3733 974 3787 tot
1016 3729 1196 3805 universalis,
1218 3734 1247 3787 et
1266 3730 1518 3788 benevolentia
1534 3726 1647 3787 amandi
1666 3727 1728 3785 eive
1747 3726 1813 3787 dili·

176 3820 334 3897 praeclaros
352 3819 497 3893 scriptores
518 3819 612 3877 amolo
637 3836 674 3875 aa
693 3819 760 3875 satis
781 3819 902 3891 liquidae
926 3819 973 3875 lra-
1016 3819 1097 3891 genui
1112 3820 1230 3878 habitus.
1275 3821 1400 3877 Amare
1419 3824 1514 3877 autem
1527 3819 1586 3877 eive
1598 3817 1754 3891 diligere
1768 3820 1814 3875 eet

178 3911 304 3967 beurim.
350 3908 398 3965 Est
411 3906 576 3977 autemjus
593 3907 727 3982 quaedam
743 3909 868 3980 potentia
883 3924 975 3965 more-
1017 3909 1148 3964 felicitate
1175 3909 1288 3965 alterius
1309 3909 1451 3979 delectari,
1475 3908 1520 3963 vel
1547 3907 1621 3982 quod
1648 3896 1748 3963 eodeni
1767 3922 1813 3965 aa·

180 3998 225 4070 lis,
240 4000 268 4053 et
282 3996 461 4067 obligatio
475 3997 622 4053 necessitas
638 3996 759 4052 moralis.
804 3995 975 4053 Moralem
1017 3996 1074 4067 dit,
1095 3996 1254 4053 felicitatem
1268 3998 1388 4054 alienam
1400 3997 1531 4053 asciscere
1552 3997 1581 4054 in
1595 4012 1684 4053 suam.
1728 3994 1814 4055 uode

181 4090 276 4144 autem
289 4085 422 4157 intelligo,
437 4101 508 4158 quae
521 4086 594 4160 apud
610 4087 700 4143 virum
716 4085 821 4141 bonum
835 4087 976 4160 aequipol-
1018 4086 1136 4142 difficilis
1150 4086 1237 4143 nodus
1252 4087 1381 4159 solvitur,
1405 4087 1497 4158 magni
1511 4087 1596 4143 etiam
1613 4086 1645 4143 in
1658 4084 1814 4159 'ilreoiogie

179 4176 220 4233 let
233 4172 367 4230 natamli:
396 4189 463 4229 nam
481 4178 514 4230 ut
532 4176 671 4247 praeclara
689 4174 902 4233 iurisconsultus
920 4176 976 4232 Re·
1019 4175 1161 4249 momenti,
1184 4175 1324 4248 quemodo
1343 4192 1423 4233 amor
1443 4191 1501 4231 noa
1520 4174 1705 4232 mercenarius
1718 4174 1812 4249 daim,

181 4278 280 4321 manus
293 4266 348 4334 art,
368 4277 440 4334 qaae
459 4267 554 4320 eontra
569 4264 657 4321 bonos
672 4280 763 4320 mores
779 4269 860 4336 sunt,
880 4280 914 4321 ea
928 4281 977 4320 nec
1018 4264 1068 4338 qui
1087 4265 1124 4320 sit
1142 4280 1161 4320 a
1179 4282 1228 4339 ape
1248 4270 1375 4338 metuque
1395 4268 1424 4320 et
1443 4264 1520 4321 omni
1539 4264 1667 4320 utilitatis
1685 4266 1814 4337 τιμὴ]

181 4354 271 4411 faeere
286 4367 338 4409 nes
352 4366 434 4424 pesse
447 4352 613 4409 eredendum
629 4357 678 4410 cst
723 4352 784 4408 Vir
804 4353 916 4410 bouus
930 4368 978 4409 au·
1019 4359 1173 4427 separatus:
1196 4353 1297 4411 scilicet
1317 4369 1435 4427 quoram
1449 4353 1564 4410 felicitas
1584 4353 1702 4410 delectat
1713 4366 1815 4411 aarum

181 4445 297 4525 temleet
311 4440 359 4513 qui
373 4444 449 4497 amat
463 4456 573 4516 omnes,
595 4446 728 4515 quantum
742 4443 816 4500 ratio
831 4442 975 4515 permittit.
1019 4441 1135 4500 felicitas
1150 4448 1271 4500 nostram
1282 4442 1443 4515 ingreditur,
1458 4458 1522 4499 narn
1535 4459 1607 4517 quae
1616 4442 1816 4516 deieetentpsr

175 4528 353 4587 sortitam
372 4528 471 4602 igitur,
499 4544 570 4603 quaa
590 4532 677 4624 virim
701 4536 745 4587 est
763 4531 845 4601 huius
865 4532 977 4587 allectus
1020 4534 1237 4601 seexpetuntur.
1263 4531 1300 4588 Et
1309 4532 1351 4588 uti
1361 4531 1537 4606 pulchrorum
1545 4530 1817 4605 mniamplatioipse

182 4618 295 4694 rectrix,
308 4633 392 4691 quem
407 4616 660 4692 commemorantem
670 4619 768 4677 Graeci
782 4624 889 4693 vocant,
903 4635 979 4677 eom·
1016 4620 1138 4691 jueauda
1157 4625 1213 4694 eat,
1233 4621 1359 4694 pictaque
1378 4621 1473 4679 tabula
1492 4620 1641 4696 &phastio
1658 4619 1819 4693 intelligu-

183 4706 343 4767 modmimo
368 4708 400 4765 ni
420 4709 504 4765 iallor
525 4709 684 4765 definiemus
710 4710 902 4767 caritatem
924 4726 979 4765 sa·
1020 4715 1078 4766 tem
1092 4710 1185 4782 afficit,
1200 4710 1252 4766 etsi
1265 4712 1356 4767 nullos
1370 4726 1465 4767 census
1479 4712 1559 4786 ierat,
1572 4711 1643 4767 adeo
1656 4713 1689 4767 ut
1702 4710 1733 4767 in
1747 4726 1816 4769 emt·

184 4796 334 4871 pientio,
363 4798 416 4854 hoc
442 4800 485 4853 eet
511 4801 668 4870 seruantem
690 4797 841 4870 sapientiae
867 4798 978 4855 dietata.
1021 4800 1057 4855 lis
1071 4798 1228 4871 deliciisque
1248 4800 1366 4873 imatus,
1387 4799 1509 4872 quodam
1524 4801 1672 4857 simulacro
1692 4801 1817 4876 moris,

184 4884 292 4961 itaque,
315 4886 391 4959 qnod
409 4885 577 4942 Carneadem
596 4885 702 4943 dixisse
721 4888 822 4961 lemur,
841 4886 980 4956 justitiam
1022 4890 1064 4944 ita
1081 4904 1145 4945 cum
1157 4906 1203 4946 ree
1216 4889 1329 4962 pulchra
1350 4889 1432 4945 eimal
1445 4888 1531 4947 atium
1551 4889 1690 4946 felicitatis
1707 4894 1754 4947 mi
1771 4906 1818 4948 m·

185 4988 246 5029 esse
266 4988 404 5031 summam
425 4973 586 5049 stultitiam,
610 4975 675 5048 quia
695 4975 794 5032 menis
815 4976 980 5034 utilitatibus
1022 4992 1088 5051 pax,
1111 4979 1210 5034 transit
1227 4979 1340 5036 aiimtue
1359 4978 1389 5036 in
1407 4994 1504 5037 verum
1523 4994 1656 5035 amorem.
1699 4979 1820 5053 Superat

185 5061 291 5117 musali
307 5061 406 5131 jubeat
426 5062 556 5131 neglectis
570 5065 698 5138 propriis,
721 5079 759 5120 ex
779 5065 906 5135 ignorata
919 5066 981 5136 ejns
1022 5072 1115 5123 autem
1136 5066 1279 5124 divinus
1300 5083 1399 5125 amer
1419 5068 1490 5125 aliea
1511 5085 1621 5126 amores
1641 5068 1718 5141 quod
1740 5068 1819 5127 Deum

186 5147 345 5207 daduitioae
362 5154 460 5209 netum
473 5154 528 5207 est.
570 5152 714 5212 ceritas
731 5158 775 5210 est
788 5154 980 5213 benevolentia
1022 5169 1084 5212 eum
1103 5154 1230 5213 maximo
1247 5172 1371 5215 semesae
1389 5157 1479 5215 samri
1501 5162 1610 5233 potest,
1631 5157 1744 5232 amodo
1757 5158 1821 5217 Deo
