3706 5828
164 349 238 413 'usti
551 347 714 407 lxxxiii
758 348 813 405 AD
833 346 902 406 DES
922 345 1050 407 BOSSFS
1070 346 1280 407 nummum
1302 347 1408 408 xvni.

175 495 240 553 Non
259 492 335 566 potm
356 507 412 547 non
421 490 503 547 imno
522 489 647 562 putentis
668 504 791 545 amorem
811 490 842 545 in
856 490 970 561 loeium,
986 486 992 541 'i
1012 489 1141 559 muteris,
1160 504 1231 560 quae
1252 488 1318 546 inde
1337 488 1484 561 resultant,
1504 490 1532 543 et
1545 502 1621 560 quae
1637 488 1707 545 sois
1719 487 1823 544 existe·

178 585 208 640 in
230 581 379 637 novissima
393 579 534 653 Epistola,
560 580 587 634 ei
608 594 663 635 non
681 577 752 633 nibil
772 577 908 651 objioere,
933 582 971 651 et,
1013 583 1084 651 rent,
1099 578 1123 633 si
1137 593 1194 634 nun
1207 577 1320 633 daretur
1333 576 1486 633 substantia
1500 564 1653 634 uuionaiis.
1700 575 1734 632 Si
1749 576 1822 633 abas

178 670 243 743 quia
257 669 377 724 litieulae
391 668 483 724 taedio
497 672 593 739 eaptus
610 665 732 739 ridetur,
752 666 836 723 iiuem
849 666 876 723 ei
890 664 974 723 simui
1013 671 1057 723 set
1070 666 1138 723 iilud
1153 664 1303 723 monadum
1317 664 1497 722 substantiale
1511 664 1678 737 vinculum,
1704 678 1822 736 corpora

177 758 330 830 imponere:
346 758 450 811 interca
464 754 645 827 nibiiobetat,
660 753 768 826 opinor,
784 754 851 825 quin
864 754 973 826 Episto·
1015 756 1110 811 onmia
1133 770 1197 810 enm
1221 752 1351 810 omnibus
1376 754 1434 809 suIs
1453 752 1638 823 qualitatibus
1660 750 1738 807 nihii
1753 752 1822 807 aliud

177 846 222 901 iae
245 843 427 917 novissimae,
454 849 482 900 et
502 841 823 916 Hartsoekeriana‚
849 848 879 899 et
906 855 969 898 mee
1016 844 1108 900 turem
1132 857 1215 916 emm
1239 840 1430 915 phaenomena
1448 839 1518 896 bene
1535 840 1678 913 iurtdata,
1708 845 1744 895 ut
1770 839 1820 913 iris,

177 932 211 989 Ii.
228 932 258 987 P.
272 930 491 988 'i'urnemino
504 928 701 986 cornmnnioari
714 930 827 1002 possInt.
1015 936 1065 987 aut
1087 932 1181 1000 imago
1200 930 1232 985 in
1250 929 1376 1003 apamio,
1402 928 1503 1002 verbo,
1528 928 1645 984 somma
1659 926 1820 983 eontirmau

219 1019 450 1076 DissertatIonem
470 1024 546 1075 tuam
567 1017 604 1073 de
622 1018 777 1073 substantIa
789 1032 923 1091 cometes
935 1017 974 1072 ie·
992 1088 995 1097 Ι
1015 1020 1135 1092 perfecte
1148 1017 1326 1088 congruentia
1340 1016 1393 1073 eibi
1408 1015 1490 1089 ipsine
1515 1021 1543 1073 et
1564 1017 1594 1071 in
1611 1015 1672 1072 boc
1688 1030 1751 1071 uno
1764 1032 1820 1071 eon

176 1122 240 1177 gam
255 1106 454 1163 lubentissime.
498 1106 527 1161 Si
546 1105 700 1161 substantia
718 1121 849 1179 corporea
868 1104 972 1176 aliquid
992 1130 995 1137 ·
1014 1106 1123 1163 sisteret
1135 1106 1234 1162 borum
1247 1104 1498 1177 plaenomenoran
1510 1103 1638 1161 realitas.
1689 1102 1821 1159 iiIomdss

176 1196 251 1251 reaia
269 1200 325 1268 est,
352 1197 460 1266 praeter
480 1192 624 1264 monatius,
644 1193 685 1247 nti
707 1193 780 1248 linea
793 1192 898 1265 aliquid
912 1208 974 1248 esse
991 1240 995 1247 .
1013 1193 1089 1251 enirn
1109 1209 1171 1249 esse
1186 1198 1279 1268 partes
1291 1208 1452 1265 corporum,
1474 1195 1586 1264 tangere
1596 1206 1684 1263 sene,
1712 1206 1820 1263 oompn

176 1283 319 1355 statuitur,
340 1288 448 1355 praeter
467 1286 582 1355 puncta,
598 1280 744 1337 dieendum
760 1282 826 1352 erit,
847 1281 973 1336 substan·
992 1288 995 1293 '
1014 1296 1222 1359 nere'eorpora‚
1244 1296 1299 1337 non
1314 1280 1402 1352 magn
1415 1279 1468 1335 diei
1483 1278 1581 1353 debet,
1602 1294 1700 1351 qnam
1715 1278 1772 1337 Itos
1791 1279 1820 1333 dr

179 1371 246 1425 tiam
260 1386 422 1441 eomorearn
435 1369 584 1426 consistere
598 1368 628 1423 In
648 1368 750 1423 ursione
765 1367 899 1440 quadam,
924 1373 973 1423 aut
991 1358 995 1413 ἓ
1015 1371 1135 1442 punctis,
1162 1375 1190 1425 ct
1206 1368 1353 1424 autrnabue
1367 1367 1456 1423 dioere
1470 1366 1542 1425 iicet.
1589 1366 1632 1423 Et
1647 1380 1770 1437 monas,
1794 1376 1820 1423 u

177 1458 269 1530 potius
283 1458 395 1513 uniente
409 1457 476 1513 reaii
496 1472 514 1511 a
530 1457 588 1512 Dee
604 1454 782 1529 superaddito
797 1455 971 1530 monadibus,
991 1440 994 1473 ¹
1014 1457 1120 1529 anima,
1136 1462 1179 1513 est
1193 1456 1268 1512 reiut
1282 1455 1401 1511 mundns
1415 1454 1526 1527 quitiam
1537 1452 1693 1527 proprius,
1714 1454 1818 1511 nniiu

178 1551 207 1601 ct
221 1562 258 1601 ex
272 1547 375 1601 unione
393 1546 504 1617 quidem
520 1545 659 1617 potentiae
673 1543 798 1615 passivae
812 1542 971 1616 monadum,
991 1518 995 1563 ¹
1012 1544 1208 1601 commercium
1234 1542 1431 1615 dependendae
1455 1541 1560 1597 habens
1580 1543 1641 1597 nisi
1662 1556 1733 1599 urm
1753 1543 1818 1601 uia

177 1633 244 1689 orici
259 1634 405 1689 materim
423 1634 556 1705 primam,
571 1648 669 1704 nempe
683 1632 866 1705 extensionis,
882 1636 911 1685 et
924 1646 972 1687 an·
991 1640 994 1651 ·
1013 1632 1118 1705 Corpus
1132 1647 1198 1701 ergo
1211 1631 1235 1686 si
1251 1630 1418 1702 substantia,
1433 1635 1475 1684 eet
1488 1630 1636 1686 realizatio
1651 1628 1817 1703 pilumnus

177 1721 301 1794 iitypiae,
316 1738 364 1777 sen
379 1720 547 1792 diffusionis,
563 1724 591 1773 et
605 1719 774 1775 assistentiae
787 1718 972 1790 exigentiam
1013 1736 1113 1776 norum
1131 1722 1203 1775 nitra
1216 1717 1423 1788 congruentiam
1437 1716 1596 1789 procedens.

177 1824 213 1864 ex
226 1809 430 1865 unioneautem
442 1807 657 1863 Enteieeitiarnm
673 1806 888 1880 monadiearum,
903 1807 971 1863 oriri
1057 1806 1138 1872 Quod
1160 1808 1184 1862 si
1204 1808 1318 1863 omniuo
1337 1805 1409 1861 nolis
1427 1804 1579 1861 accidentia
1598 1804 1675 1861 haee
1689 1804 1816 1863 Eutimi-

177 1898 295 1952 iormarn
315 1894 540 1967 substantialem,
560 1895 610 1950 sed
628 1910 699 1967 qnae
717 1894 757 1950 ita
771 1894 861 1966 nasei,
880 1898 910 1949 et
923 1908 971 1949 ex·
992 1962 995 1979 ¹
1015 1894 1083 1952 stica
1096 1910 1155 1951 mse
1168 1910 1245 1950 mera
1259 1894 1462 1967 phaenomena,
1478 1893 1583 1966 poterit
1595 1891 1668 1965 diei,
1683 1909 1748 1949 esse
1760 1896 1815 1951 Iun

175 1983 263 2056 tingui
283 1985 384 2057 pressit,
409 1988 439 2037 et
457 1987 580 2038 cessarrte
599 1982 650 2037 iiia
663 1981 765 2037 unione
786 1982 971 2053 extinguetur,
992 2030 996 2063 Ι
1014 1982 1079 2039 data
1103 1982 1134 2038 in
1153 1981 1316 2039 accidentali
1336 1981 1431 2053 aliquo
1451 1979 1601 2053 primario,
1630 1996 1740 2055 nernpa
1762 1998 1814 2039 nen

176 2072 231 2127 nisi
254 2088 273 2126 a
295 2073 354 2127 Deo
374 2070 535 2127 ririraeuioee
554 2075 737 2127 conservetur.
781 2069 858 2125 'ruiis
877 2072 971 2125 autem
1014 2070 1126 2142 quidem
1150 2071 1180 2127 in
1205 2070 1380 2141 extensione,
1405 2084 1476 2141 quae
1501 2083 1617 2124 manere
1640 2084 1702 2125 non
1716 2074 1812 2143 potest,

177 2162 266 2215 torma
287 2163 356 2214 >turre
379 2173 438 2213 non
461 2159 516 2214 erit
535 2158 644 2230 aniate,
669 2172 741 2229 quae
760 2161 803 2213 est
816 2157 972 2213 substantia
1013 2156 1064 2213 sed
1089 2158 1119 2214 in
1146 2158 1254 2232 ponetis
1276 2156 1359 2225 buiris
1376 2156 1546 2213 ostensionis
1564 2154 1603 2211 nd
1625 2157 1814 2215 monadnre

176 2244 312 2318 sIurpiex,
334 2251 363 2302 et
384 2245 568 2302 indivisibilis.
612 2246 649 2301 Et
663 2247 752 2301 Iornta
766 2244 835 2319 ista,
854 2244 973 2318 proinde
992 2234 995 2293 ἶ
1013 2245 1219 2318 splendentibus,
1234 2244 1346 2311 sublata
1359 2244 1464 2300 nnimre
1475 2243 1642 2301 eominuum
1656 2260 1697 2301 ex
1710 2246 1814 2319 μή

176 2350 209 2389 nc
224 2334 339 2391 materia
354 2338 396 2390 est
409 2335 439 2389 in
453 2334 528 2389 fluxu
544 2338 690 2407 perpetuo,
705 2349 767 2390 oum
781 2334 888 2389 nulium
903 2347 972 2405 pun·
992 2380 996 2407 ,
1012 2334 1211 2405 eorntimente3
1236 2337 1320 2403 atque
1338 2332 1409 2389 sebe
1422 2332 1538 2387 sublatis
1552 2332 1654 2405 lineis,
1679 2338 1710 2390 et
1724 2334 1814 2408 dpis

175 2426 249 2477 dum
263 2438 358 2479 serora
373 2423 404 2477 in
418 2422 533 2478 nuteria
547 2422 678 2491 assignari
693 2421 789 2494 possit,
804 2420 879 2492 qnod
897 2420 973 2474 nitra
992 2414 995 2497 j
1014 2422 1167 2496 coutinuis,
1193 2420 1374 2493 qualitatibus
1392 2424 1485 2477 autem
1509 2424 1538 2475 et
1557 2420 1680 2477 caeteris
1699 2422 1816 2479 realibus

174 2508 973 2582 momentnmeondomiocourservet,etquodnouaqnan·
1013 2508 1200 2566 accidentibus
1224 2507 1415 2580 manentibus,
1440 2523 1495 2580 ope
1518 2508 1728 2565 mmmmm
1749 2526 1812 2583 prn-

174 2597 503 2655 tumrievieinisreoedat
520 2597 670 2653 Serianirm
677 2596 706 2652 in
712 2594 770 2651 suis
776 2593 973 2652 mutationibus
1013 2602 1122 2653 ciorum
1135 2597 1360 2669 accidentalium,
1373 2595 1468 2652 demta
1481 2594 1685 2669 continuitate,
1705 2612 1778 2670 urna
1795 2613 1813 2653 a

174 2684 271 2741 eadem
281 2686 411 2758 persistit,
419 2689 547 2741 manente
557 2684 655 2741 eodem
666 2682 799 2756 subjecto,
810 2683 885 2755 qnod
895 2697 972 2739 mres
1014 2684 1139 2741 realitate
1156 2684 1296 2757 unionsii,
1322 2700 1371 2741 sen
1391 2681 1502 2739 vinculo
1517 2683 1699 2741 substantiali
1712 2684 1813 2759 paula·

175 2778 218 2827 est
230 2771 401 2846 incorpores
413 2771 573 2829 substantia.
605 2771 699 2843 Itaque
710 2771 872 2828 alterutrum
883 2770 972 2826 dieen-
991 2814 995 2885 Ι
1014 2772 1079 2845 δαίς
1103 2777 1133 2829 et
1156 2777 1280 2829 oemio
1297 2770 1358 2841 ejus
1378 2771 1527 2827 didissiune
1551 2786 1603 2844 pet·
1621 2776 1715 2844 partes
1731 2778 1813 2829 asna

174 2858 242 2914 dnm
253 2865 308 2915 est:
320 2858 972 2932 veieorporameracssepbaenomem,atqueita
1013 2864 1118 2933 panes,
1143 2858 1275 2917 cusabat.
1319 2860 1415 2932 itaque
1434 2864 1535 2931 porreta
1556 2858 1730 2915 ammaum
1743 2874 1813 2931 pas·

173 2946 301 3002 extensio
315 2961 424 3019 quoqne
438 2962 493 3003 non
509 2947 562 3003 nisi
577 2947 787 3018 phaenomenon
803 2946 864 3018 erit,
883 2947 971 3002 sobe·
992 2936 995 2989 i
1013 2951 1077 3003 sunt
1096 2947 1277 3021 considerari,
1297 2950 1330 3003 nt
1344 2946 1506 3020 prirnorinm
1520 2946 1663 3019 naidas,
1683 2945 1758 3018 quod
1772 2946 1813 3003 sit

173 3046 228 3104 quo
241 3039 321 3090 amnt
336 3034 469 3091 monades
483 3034 586 3107 reales,
601 3035 667 3090 nnio
681 3039 774 3090 autern
787 3035 970 3106 animaeper·
991 3000 1182 3093 Ieaeterorum
1207 3034 1303 3107 basis,
1328 3040 1357 3090 et
1380 3034 1589 3125 quodammado
1612 3048 1671 3091 non
1693 3034 1810 3105 modale,

172 3118 300 3191 oIpientIs
324 3120 485 3194 operatione
510 3122 540 3177 in
566 3122 757 3193 phaenomeno
782 3120 968 3193 supplebiturj
990 3100 994 3177 I
1012 3116 1087 3193 quod
1108 3123 1144 3179 de
1157 3122 1320 3179 extensione
1340 3139 1389 3180 seu
1407 3122 1556 3179 diiiissIona
1575 3122 1713 3179 niurias
1724 3122 1810 3181 conti

174 3206 219 3261 vei
244 3208 267 3262 si
294 3208 360 3263 tides
385 3225 437 3263 nos
463 3210 499 3265 ad
518 3224 664 3281 consumas
684 3208 853 3265 substantiae
873 3207 969 3281 adigit,
990 3188 994 3235 ³
1014 3226 1069 3266 nna
1083 3211 1137 3267 diei
1152 3210 1256 3282 nequit.

174 3292 355 3350 substantiam
376 3295 453 3351 iiiam
472 3296 623 3352 consistere
642 3296 672 3351 in
686 3296 736 3351 iiia
751 3296 878 3351 realitate
892 3297 970 3353 unio·
990 3272 994 3389 I
1059 3298 1118 3354 Imo
1138 3314 1169 3353 re
1189 3297 1276 3366 magn
1290 3310 1427 3369 expensa,
1447 3293 1597 3363 sidonium
1610 3300 1641 3351 et
1657 3296 1754 3369 ipsane
1766 3313 1809 3355 aa·

173 3380 246 3453 naii,
272 3396 343 3453 quae
361 3382 570 3440 absolutum
590 3383 729 3454 aliquid
749 3376 890 3457 (adeoquo
904 3385 969 3440 sub·
1012 3386 1168 3442 tonsionem
1187 3385 1306 3458 saivari,
1331 3388 1414 3455 atque
1432 3382 1500 3439 adso
1519 3386 1597 3437 mm
1610 3388 1710 3441 restra
1724 3386 1809 3461 cupii·

172 3468 321 3536 stuntiaie)
342 3470 395 3526 etsi
415 3471 521 3529 toxam
536 3471 663 3527 unIendis
676 3470 769 3526 addat.
814 3470 850 3526 iit
868 3472 898 3526 in
919 3472 969 3527 hu·
990 3480 992 3493 '
1010 3472 1091 3529 candi
1116 3472 1281 3528 sententiam
1305 3472 1414 3527 admitti
1436 3484 1530 3544 pm,
1553 3470 1580 3525 ui
1600 3470 1667 3543 quis
1690 3474 1810 3547 plaane-

169 3553 218 3624 jtu
244 3557 397 3613 mutatione
422 3559 582 3615 coiloeanda
606 3563 677 3613 esset
701 3556 969 3615 tmnuobstantiatio
1011 3574 1091 3616 mena
1112 3560 1191 3617 noiit.
1235 3560 1308 3615 Nam
1327 3564 1359 3614 ut
1384 3564 1484 3632 poem
1503 3556 1685 3615 musonii·
1696 3560 1809 3615 ernritd

173 3646 280 3716 umba,
301 3644 434 3701 monades
454 3646 530 3703 enim
550 3660 645 3701 resera
664 3661 720 3701 nou
740 3651 805 3700 sunt
824 3645 906 3715 buius
919 3645 968 3702 ad·
1010 3652 1139 3720 mesum,
1154 3648 1195 3703 ita
1209 3647 1313 3719 peterit
1325 3645 1424 3721 etiam,
1444 3647 1503 3703 imo
1517 3646 1633 3701 fortune
1644 3650 1710 3701 tune
1723 3646 1809 3703 debe·

172 3728 225 3785 diti
238 3729 436 3806 ingredientia,
459 3731 506 3789 sed
519 3732 668 3803 requisita,
688 3735 738 3789 etsi
760 3746 817 3788 non
831 3733 967 3804 absoluta,
1010 3735 1053 3791 bit
1077 3734 1187 3791 admitti
1212 3750 1309 3790 eornm
1337 3734 1412 3789 unIo.
1455 3733 1498 3791 1ta
1519 3732 1654 3791 babemus
1666 3734 1808 3791 exunde-

172 3818 428 3893 metaphpueaqoe,
445 3819 619 3889 neaemitate,
635 3820 685 3875 sed
699 3821 760 3876 sola
773 3820 913 3889 esIgeutia
931 3821 967 3876 ad
1011 3838 1073 3878 nem
1093 3821 1290 3878 arcidmtamm
1311 3820 1479 3877 absolutam.
1524 3821 1580 3877 Sed
1597 3820 1665 3877 tuiis
1684 3822 1808 3877 eutasio

173 3903 204 3960 id
217 3904 397 3976 requirantur.
432 3907 529 3979 ltaque
542 3910 648 3962 mutata
662 3906 725 3964 IIeet
739 3907 892 3964 substando
907 3924 967 3963 eor·
1011 3911 1163 3967 irinnaiiter
1181 3910 1294 3982 quidem
1312 3908 1577 3965 dicetdiiitrsiorurn
1590 3910 1716 3981 partium
1729 3914 1806 3967 extra

172 3991 258 4063 poris,
273 3992 404 4047 monades
418 3993 511 4049 salvae
523 4010 583 4049 esse
598 3998 743 4067 poterunt,
758 3994 925 4066 fundataque
937 3995 967 4050 iu
1011 4002 1116 4072 partes,
1138 3995 1168 4052 id
1182 4005 1276 4053 antem
1289 3996 1364 4070 quod
1379 3996 1565 4069 diffundetur,
1585 4010 1646 4053 non
1658 3998 1712 4054 erit
1724 4001 1806 4054 nub

172 4076 208 4132 iis
228 4076 415 4151 phaenomena
433 4079 583 4138 sensibilia.
627 4081 761 4138 Accidens
781 4096 839 4138 non
857 4082 968 4139 modale
986 4086 990 4163 Ι
1009 4084 1052 4140 ris
1071 4100 1118 4141 seu
1138 4084 1291 4140 armantia
1312 4082 1436 4155 corporis
1450 4084 1619 4157 tormiiter,
1637 4085 1689 4142 sed
1703 4090 1805 4141 tantum

172 4162 313 4220 uidebitur
330 4166 436 4239 aliquid
455 4167 566 4225 diideiie
580 4170 736 4242 explicatu,
759 4184 810 4224 nec
824 4168 859 4224 de
872 4174 968 4225 exten·
986 4178 990 4261 p
1009 4171 1220 4241 exigentiaiitar.
1263 4170 1355 4242 ipsum
1370 4174 1464 4227 antem
1477 4172 1604 4243 inumb,
1617 4171 1698 4245 quod
1710 4172 1805 4229 nune

172 4248 384 4325 sionoidcapio.
406 4253 476 4311 iilud
483 4255 535 4313 dtu·
543 4256 698 4330 potestatui
710 4254 841 4313 nronadee
850 4271 905 4313 non
912 4256 967 4313 eint
986 4266 989 4327 ;
1009 4258 1099 4332 ditur,
1125 4259 1180 4313 erit
1199 4258 1338 4331 ioeabtas,
1363 4273 1411 4314 stu
1432 4258 1506 4330 quod
1527 4258 1595 4313 tacit
1607 4260 1713 4333 silum,
1737 4256 1806 4331 «pred

171 4338 338 4411 accidentia,
352 4341 475 4401 mutiero
488 4347 582 4400 tamen
595 4343 765 4400 substantiae
783 4343 920 4417 uniunaIi,
936 4350 967 4401 ut
986 4354 989 4435 Ῑ
1009 4346 1098 4419 ipsum
1113 4362 1184 4418 optus
1197 4346 1251 4400 erit
1264 4345 1407 4418 concipere
1421 4350 1565 4417 tamquam
1579 4344 1690 4418 uiiquid
1700 4346 1804 4403 abech-

171 4439 218 4480 eas
233 4425 332 4483 babeat
347 4420 471 4503 (physica
485 4425 662 4504 necessitate)
676 4430 719 4483 uti
733 4432 843 4502 corpion
857 4431 967 4505 aoeidit,
1009 4438 1076 4489 turn.
1121 4432 1303 4505 itaquejam,
1318 4431 1417 4505 uario,
1431 4446 1489 4488 non
1503 4432 1706 4507 pugnabimus,
1727 4431 1805 4490 rrtedo

172 4516 205 4569 ut
217 4530 235 4569 a
249 4529 365 4588 corpore
378 4523 520 4591 tangatur,
541 4531 603 4573 eum
617 4529 717 4588 comus
731 4521 826 4575 tamen
836 4510 966 4575 'accidens
1009 4520 1144 4576 monades
1163 4520 1310 4576 mutationi
1329 4520 1370 4575 illi
1392 4520 1561 4576 substantiae
1575 4522 1703 4593 eorporis
1717 4536 1805 4595 supab

172 4614 230 4656 non
249 4602 294 4659 sii.
337 4604 470 4662 Fatensio
489 4604 612 4677 eorporis
632 4604 701 4660 niirii
722 4604 797 4663 alind
818 4622 878 4663 esea
892 4607 967 4662 vide·
1008 4608 1127 4665 naturali
1141 4622 1199 4663 non
1212 4608 1354 4682 involvas,
1374 4612 1484 4681 praetor
1502 4608 1587 4663 ulhm
1606 4607 1805 4679 nocuitatem,

171 4693 217 4744 tur
241 4704 325 4761 quam
350 4694 483 4749 maturina
507 4691 678 4749 continnatIo
703 4708 752 4764 per
776 4698 868 4766 pestes
886 4701 966 4750 extra
985 4738 990 4805 1
1009 4710 1072 4752 cum
1088 4709 1130 4767 ea,
1147 4700 1178 4751 ut
1192 4694 1262 4769 dixi,
1277 4710 1335 4751 non
1349 4696 1547 4767 ingrediantur.
1592 4695 1654 4753 Ubi
1667 4696 1754 4752 etism
1766 4712 1806 4751 aa·

171 4780 278 4850 mrtas,
304 4793 352 4834 seu
373 4779 493 4836 diflbsio.
538 4779 595 4835 Ubi
617 4782 710 4835 autem
723 4782 968 4853 supernaturaliter
1009 4783 1129 4839 eundum
1144 4798 1194 4839 sus
1208 4782 1299 4857 ipsos,
1320 4783 1415 4839 anima
1427 4783 1530 4841 (inisti
1544 4782 1576 4839 in
1588 4782 1807 4841 mman-

170 4865 288 4921 oessabit
302 4852 354 4916 Tei
368 4872 471 4923 extra
485 4871 620 4941 partes,
640 4866 857 4925 cessabitetiam
871 4874 968 4925 exten
1008 4870 1125 4927 tintinna
1149 4886 1207 4927 non
1231 4874 1368 4945 mutatur,
1393 4886 1444 4927 nee
1462 4869 1583 4929 meaedit
1600 4872 1632 4927 in
1654 4869 1809 4929 made

171 4950 229 5027 slo,
255 4968 326 5025 quae
351 4954 404 5025 ipel
424 4954 534 5029 coqmri
560 4953 673 5028 accidit3
695 4957 807 5029 solaque
834 4958 968 5031 supererit
1008 4958 1088 5030 panis
1109 4958 1210 5014 iocum.
1254 4958 1331 5015 idern
1351 4958 1472 5015 dixerim
1491 4959 1526 5015 de
1551 4962 1670 5017 oetan
1696 4958 1809 5017 mab

171 5043 297 5099 mansio
312 5042 514 5119 phaenomena,
531 5042 559 5101 iu
574 5042 740 5102 monadibus
754 5042 882 5121 tundata,
903 5059 967 5104 eum
1009 5046 1072 5103 simi
1087 5046 1210 5121 conone
1226 5046 1397 5105 monadibus
1443 5046 1574 5119 interim,
1596 5054 1628 5107 ut
1650 5064 1752 5107 vuum
1770 5046 1810 5105 li
