3706 5828
625 303 672 361 iv.
693 303 1186 362 nsismiiinriiouismii.
1671 302 1724 388 53ἱ

85 451 168 522 ptura
197 463 275 504 saera
299 444 412 520 probari
436 449 535 519 potest
584 444 760 502 Probamtum
784 450 878 503 antean
928 446 1060 504 tensionis
1074 453 1199 522 expertoe
1212 449 1332 521 poneret
1355 436 1562 524 Rectus'igitur
1575 453 1715 527 Campa·

85 541 137 610 cst,
157 536 235 592 nulla
253 536 314 591 dari
334 536 418 591 Eritis
437 535 467 590 in
486 534 598 605 mundo,
619 539 727 608 praeter
745 536 876 608 Mentem,
926 536 1020 592 nella
1035 534 1065 591 iii
1079 537 1151 592 libro
1166 537 1201 593 de
1215 553 1296 594 sensu
1315 554 1406 593 isium
1420 543 1450 594 et
1463 540 1562 613 magia
1583 547 1612 596 et
1625 542 1715 598 Mar·
1793 598 1794 601 ,

85 626 222 698 Spatium,
247 624 403 696 Materiam,
427 624 544 679 Motum.
587 623 711 679 Mentem
735 640 805 680 vooo
829 640 879 680 ens
926 641 985 681 ens
1003 625 1112 681 Marci
1138 626 1168 681 iii
1187 624 1256 681 ideis
1275 625 1485 698 operatrieibiu,
1505 629 1576 684 laiso
1594 630 1714 703 quidem,

85 715 218 787 cogitans
251 713 377 786 Spatium
401 716 444 768 est
463 711 520 766 Eris
545 711 636 783 primo
654 716 808 784 extensum,
829 729 878 769 seu
926 718 1106 785 conginenter
1125 718 1218 769 tamen
1237 714 1294 770 suis
1313 714 1508 787 hypothesibus
1532 718 1630 774 turmis
1655 719 1715 775 istis

85 819 187 876 eorpus
201 800 431 872 mathematicum,
447 800 799 872 qnodsuilieetnihilaliud
812 817 878 857 oon·
926 801 1154 858 substantialibus
1182 817 1273 858 reinin
1302 802 1525 876 inanimatamm,
1554 807 1715 864 extersione

86 892 158 947 tinet
171 906 256 962 qnam
271 893 326 945 ties
339 888 532 960 dimensiones,
552 893 648 960 astque
661 889 737 945 loom
756 889 803 945 ille
816 888 877 945 nni·
926 891 1090 963 serentibus,
1109 906 1228 962 sensnm,
1244 891 1396 962 seientiam,
1416 891 1651 968 imaginationem,
1665 912 1715 952 vo-

87 979 200 1036 versatis
214 979 340 1035 omnium
353 993 454 1034 renim
481 976 600 1033 Matuia
618 981 660 1033 est
678 993 728 1034 ens
747 977 877 1034 seeundo·
926 979 1061 1035 imitatem
1074 979 1203 1035 tribuere.
1225 978 1283 1035 Nee
1296 979 1405 1035 abludit
1418 980 1596 1057 Agrippae
1609 984 1715 1040 ooeulta

85 1074 243 1139 extensum,
264 1083 311 1123 seu
326 1067 399 1139 qnod
421 1069 528 1139 paster
546 1065 735 1122 extensionem
755 1066 799 1123 vel
817 1083 877 1122 eor·
925 1067 1104 1141 philosophia,
1120 1067 1257 1140 Angelum
1270 1067 1384 1124 milibet
1403 1069 1444 1124 rei
1463 1069 1623 1126 ascribentis
1636 1072 1714 1144 qimsi

85 1174 139 1230 pus
159 1155 381 1212 niatliematienm
401 1154 484 1210 habet
503 1158 533 1209 et
550 1170 649 1226 oorpns
668 1154 825 1228 physicum,
846 1154 875 1210 id
925 1156 1174 1228 obstetritatorein,
1204 1172 1254 1212 nee
1282 1172 1353 1228 quae
1381 1156 1536 1229 Scaliger
1568 1159 1609 1215 de
1640 1160 1716 1232 pla-

85 1250 139 1317 est,
160 1244 356 1315 resistentiam,
376 1242 542 1314 emines,
561 1242 875 1316 spatii-repletivitatem,
925 1244 1026 1300 stieis
1039 1243 1153 1317 musque
1165 1244 1301 1317 sapientia
1314 1244 1451 1301 disseruit.
1495 1246 1538 1301 lta
1556 1247 1660 1303 iuilitur
1678 1249 1715 1305 ad

86 1333 381 1407 impenetrabilitatem,
392 1347 464 1403 quae
477 1330 602 1387 oonsistit
611 1330 642 1386 iii
656 1348 699 1404 eo,
710 1336 742 1387 nt
754 1331 810 1387 alio
824 1330 875 1388 tali
924 1337 969 1389 tot
981 1333 1139 1406 deuneulos,
1159 1337 1228 1406 quot
1242 1335 1344 1389 lorinus
1357 1333 1558 1407 substantiales,
1578 1341 1608 1392 et
1620 1336 1715 1392 Genti-

84 1428 149 1478 ente
168 1421 331 1478 attramento
350 1421 461 1492 eadere,
484 1424 533 1476 ant
558 1419 696 1491 quiessem
713 1421 875 1476 alterutrim
925 1423 981 1478 lein
994 1439 1080 1496 propo
1093 1421 1313 1494 polydeismnm.
1356 1422 1393 1477 Et
1405 1427 1480 1478 uerte
1499 1437 1604 1497 omnes,
1619 1425 1666 1497 qui
1680 1425 1716 1482 de

83 1516 214 1583 mffltmq
228 1527 246 1566 a
259 1526 315 1582 qna
328 1509 412 1581 igitur
426 1507 693 1581 imparati-abilitatis
706 1513 805 1564 natura
815 1508 877 1565 tlint
925 1511 1086 1566 substantiis
1101 1510 1156 1566 illis
1171 1509 1388 1583 inoorpoialibus
1401 1527 1547 1583 ooipoium
1557 1513 1719 1586 loquuntur5

85 1603 187 1656 motus
230 1598 349 1654 Materia
362 1597 445 1670 igitur
458 1600 501 1654 est
514 1613 573 1669 ens,
587 1597 662 1668 quod
675 1601 718 1653 est
731 1597 761 1652 in
775 1598 875 1671 spatio,
925 1615 983 1654 non
998 1603 1114 1672 pomunt
1133 1603 1254 1654 mentem
1268 1614 1347 1657 anani
1366 1599 1504 1672 explicare
1523 1601 1579 1655 nisi
1599 1603 1715 1657 harista-

83 1704 134 1743 sen
155 1704 205 1744 eris
229 1687 320 1760 spatio
343 1690 529 1743 ooextensum.
573 1685 669 1741 Motus
691 1690 734 1742 eu
759 1687 875 1742 mutatio
926 1687 1003 1743 tione
1023 1705 1040 1743 a
1060 1687 1201 1743 Mentibus
1225 1691 1324 1742 sumta
1372 1687 1445 1742 Hine
1467 1687 1544 1744 enim
1567 1690 1716 1745 attributus

83 1776 179 1848 spiatii.
218 1775 318 1848 ligura
333 1779 435 1850 antem,
456 1773 627 1848 magnitudo,
648 1773 730 1847 situs,
745 1790 876 1831 numerus
926 1776 982 1831 illis
995 1776 1132 1850 appetitus
1146 1775 1190 1832 vel
1204 1775 1350 1831 iristinatus
1360 1775 1407 1831 ille
1416 1776 1558 1849 naturalis,
1570 1793 1606 1833 ex
1622 1783 1715 1850 quoet

83 1868 137 1920 ete.
153 1880 210 1920 nori
224 1868 289 1919 sunt
300 1865 378 1920 entia
391 1880 409 1919 a
422 1862 521 1936 spatio,
537 1862 660 1934 materia,
682 1867 711 1919 et
724 1867 802 1919 motu
816 1880 876 1920 iea-
925 1863 1048 1936 sequitin
1065 1863 1186 1937 eognitio
1200 1863 1341 1936 nannetis,
1355 1863 1419 1920 hine
1431 1864 1499 1920 illnd
1513 1865 1639 1921 axioma:
1660 1866 1715 1923 Na·

84 1952 150 2009 liter
173 1951 311 2024 distinma
336 1952 384 2008 sed
402 1955 512 2008 tantum
529 1951 705 2008 habitudines
724 1952 796 2008 inter
814 1969 876 2026 spa·
926 1958 989 2008 tura
1001 1953 1071 2010 nihil
1086 1952 1152 2009 lacit
1166 1954 1274 2025 trustra,
1290 1952 1382 2008 omnis
1400 1952 1530 2029 respiugit
1549 1954 1592 2009 sui
1612 1954 1716 2011 dishu-

84 2040 165 2112 tium,
180 2041 333 2112 materiam,
353 2045 459 2095 motum
477 2044 507 2097 et
525 2056 619 2095 eaniiu
637 2043 729 2113 partes
747 2057 766 2096 a
784 2045 876 2098 mente
925 2043 1059 2098 ctionem:
1073 2039 1175 2096 similia
1187 2040 1324 2098 similibus
1334 2040 1467 2114 gandent,
1481 2043 1597 2099 materia
1610 2043 1717 2116 appetit

84 2129 295 2202 surperveniente
314 2131 409 2184 lacha
441 2129 570 2200 Figuram
589 2133 683 2184 autem
702 2128 803 2185 definio
823 2135 876 2185 ter*
926 2133 1045 2186 turmam
1059 2130 1234 2202 nobiliorem,
1250 2134 1279 2185 et
1292 2129 1348 2185 alia
1361 2129 1391 2186 id
1404 2146 1498 2201 genus
1516 2131 1609 2196 Quum
1622 2135 1717 2188 tainen

84 2218 193 2274 miiuiui
214 2217 334 2274 extersi:
357 2217 576 2290 Magnitudinem
593 2233 738 2273 nnmerum
756 2218 876 2291 partium
925 2235 1021 2276 ierera
1034 2219 1065 2274 in
1078 2223 1177 2275 natma
1190 2218 1267 2275 nulla
1285 2218 1323 2273 sit
1341 2218 1484 2291 sapientia,
1505 2219 1597 2276 nullus
1610 2221 1716 2294 appeti·

84 2307 117 2362 iii
136 2312 260 2363 extenso.
304 2305 455 2361 Numerum
479 2304 580 2361 definio
604 2321 705 2379 mium,
730 2310 759 2362 et
779 2322 875 2379 nuum,
926 2312 979 2381 tris,
995 2308 1066 2364 ordo
1079 2323 1145 2363 vero
1159 2307 1270 2381 pulcher
1283 2322 1319 2362 ex
1332 2323 1367 2362 eo
1387 2307 1500 2379 oriatur,
1521 2309 1587 2379 qnia
1605 2314 1649 2364 est
1667 2309 1716 2365 bo·

84 2400 115 2452 et
129 2412 215 2451 mium
229 2401 280 2451 eta
294 2411 342 2451 seu
357 2394 485 2450 unitates.
528 2394 603 2449 Situs
616 2393 782 2467 adtigeram
795 2395 876 2451 isdu-
926 2397 1061 2470 rologium
1081 2394 1144 2452 Dei.
1182 2395 1227 2452 Eri
1247 2395 1290 2450 liis
1303 2398 1393 2468 patet,
1415 2395 1577 2468 hypotheses
1595 2396 1715 2469 philoso-

84 2484 165 2557 eitur,
185 2488 228 2539 est
247 2483 322 2540 eiiini
340 2483 461 2556 plurium
480 2482 667 2554 oontiguratio.
698 2483 820 2556 Tempus
833 2483 875 2538 ni·
925 2482 1378 2559 ptiiaereioriiiataehypotliesibus
1387 2483 1553 2540 miulasthb
1562 2501 1715 2556 eopraeva·

84 2573 125 2628 hil
144 2571 220 2628 alind
243 2576 286 2628 est
303 2587 387 2643 quam
405 2570 567 2643 magnimdo
592 2575 692 2627 motuis
729 2572 875 2644 Quumque
925 2573 1073 2646 lere,quod
1088 2589 1145 2628 non
1160 2573 1320 2646 superfluae,
1332 2573 1714 2629 eontratanienularaesunt

84 2661 178 2717 omnis
196 2660 357 2734 magnitudo
376 2659 414 2715 sit
431 2675 561 2716 numanis
579 2660 714 2733 partium,
735 2659 802 2732 quid
823 2659 875 2716 nii·
967 2662 1045 2718 Xlll
1066 2661 1176 2734 Restat,
1197 2664 1229 2717 ut
1247 2659 1391 2716 subtiliore
1409 2660 1554 2717 ratiocinio
1572 2662 1714 2735 probetur,

84 2765 149 2806 irim
173 2749 401 2805 Aristotelem
430 2748 556 2804 definisse
579 2748 701 2821 Tempus
728 2764 874 2805 numerum
923 2766 960 2806 ne
980 2767 1061 2824 posse
1079 2749 1190 2822 qrnduu
1208 2748 1264 2804 alia
1282 2748 1366 2804 Entia
1385 2749 1488 2805 assumi
1508 2750 1716 2823 inexplieanda

84 2839 192 2894 motas!
214 2837 321 2894 sedita
335 2837 446 2893 termini
459 2840 568 2893 tanturn
582 2836 713 2909 explieati
730 2842 805 2910 sunt,
825 2853 874 2894 ex·
923 2854 1070 2911 oorporum
1095 2841 1203 2908 nahna,
1228 2852 1312 2909 quani
1336 2852 1407 2909 qnae
1432 2837 1507 2894 dixi:
1533 2838 1564 2894 ld
1588 2838 1629 2895 sie
1653 2841 1715 2895 liet:

84 2926 268 3000 positumque,
288 2943 344 2999 quo
357 2942 439 2982 sensu
452 2926 487 2981 iis
501 2929 619 2996 utamur,
634 2925 704 2980 nibil
717 2927 873 2999 probatum
924 2927 1029 3001 Corpus
1042 2942 1139 2982 omnes
1152 2925 1182 2981 id
1195 2930 1305 2998 vocarit,
1319 2925 1393 2997 quod
1407 2926 1501 2998 aliqua
1510 2926 1634 2983 sens'bili
1648 2943 1714 2999 qua·

83 3015 165 3071 Nune
184 3015 384 3071 ostendendum
402 3019 445 3070 est
457 3014 541 3070 nullis
559 3013 621 3069 aliis
641 3014 722 3069 iabiu
736 3015 772 3070 ad
785 3015 874 3088 expli·
924 3015 1002 3071 litate
1015 3015 1170 3089 quaelihim
1184 3018 1234 3085 ast,
1249 3030 1333 3087 porro
1342 3030 1379 3070 ex
1389 3014 1564 3071 sensibilibus
1576 3016 1715 3087 qiiiilitati·

83 3104 172 3159 sanila
186 3104 280 3160 mmidi
291 3104 480 3177 plaaiomeua
498 3108 527 3167 et
539 3118 634 3158 uersas
648 3118 744 3158 eorum
758 3102 874 3176 possibi-
924 3105 976 3160 bus
989 3104 1134 3177 pleraeque
1147 3084 1255 3174 eoniori
1268 3101 1355 3157 adimi
1368 3107 1496 3176 possum,
1516 3102 1556 3158 ita
1575 3108 1607 3159 nt
1620 3109 1714 3161 tamen

83 3193 124 3248 les
148 3193 300 3249 reddmdas
323 3209 393 3265 opus
417 3209 485 3263 mse,
510 3191 568 3246 imo
587 3206 639 3247 neo
658 3191 726 3246 alias
752 3208 797 3248 res
815 3208 875 3247 esse
924 3197 1153 3266 manaateorpus
1187 3190 1714 3264 Nametsialiqnodourpusomuieo·

83 3298 178 3354 pusse3
193 3296 348 3353 qumquam
362 3281 387 3336 si
400 3280 570 3336 ostendimus
589 3279 652 3334 aliis
665 3280 748 3336 rebus
767 3284 875 3352 praeter
924 3283 991 3354 lore,
1007 3281 1100 3352 odore,
1119 3278 1217 3353 saiiore
1230 3285 1329 3351 eareat,
1349 3283 1442 3337 tamen
1456 3279 1555 3336 dieitur
1576 3299 1636 3336 esse
1649 3282 1715 3338 Cor·

83 3374 215 3441 muitem,
240 3369 393 3442 materiam,
415 3368 535 3442 spatium
554 3372 584 3424 et
602 3373 709 3423 motum
717 3385 798 3441 iupus
816 3384 874 3424 non
924 3387 984 3444 pus.
1005 3369 1164 3426 Conuodnut
1177 3368 1254 3425 euim
1267 3371 1359 3423 aaran
1374 3386 1399 3424 v.
1415 3387 1440 3442 g.
1463 3386 1522 3424 esse
1535 3384 1641 3440 oorpm,
1662 3370 1713 3425 etsi

83 3475 153 3529 ease,
173 3475 210 3514 eo
230 3456 291 3532 ipso
310 3459 377 3513 satis
396 3459 551 3514 eouieutum
569 3456 630 3530 erit,
646 3457 818 3530 Hypotliises
831 3474 874 3513 re·
924 3459 961 3514 sit
981 3458 1153 3532 perspicuus,
1178 3461 1207 3513 et
1225 3460 1318 3513 eareat
1335 3473 1417 3530 saepe
1435 3457 1536 3529 eolore,
1555 3457 1649 3528 odoia,
1669 3474 1713 3514 sa·

82 3547 247 3618 sentiarum,
268 3547 316 3618 qui
334 3546 457 3602 Masulis
475 3546 558 3601 iebus
578 3546 614 3601 ad
633 3545 773 3602 reddenda
791 3546 874 3619 phae-
924 3565 1008 3621 poreq
1027 3546 1391 3617 similiteraiirestoorpm,
1411 3544 1495 3600 etiani
1515 3545 1715 3616 quamloearet

83 3650 204 3690 musena
217 3639 338 3706 utuntur,
353 3652 412 3692 esse
425 3633 559 3690 meliores
603 3633 709 3689 Vitium
728 3634 803 3690 enini
815 3635 874 3704 Hy·
924 3652 1002 3693 soiio.
1046 3633 1216 3703 Rejiia'antin·
1228 3632 1313 3705 igitur
1331 3632 1476 3704 qualitates
1490 3633 1621 3705 visibiles,
1635 3634 1713 3689 auiti·

82 3724 228 3796 pottsseus
247 3728 297 3794 est,
319 3739 377 3779 non
390 3723 542 3779 emissaria
557 3738 701 3778 assuuere
729 3723 794 3779 Jam
808 3740 874 3780 reru
924 3725 1002 3798 biles,
1017 3722 1174 3797 gustabiles,
1188 3721 1352 3793 oetorabiles,
1372 3725 1502 3792 tanquam
1521 3721 1635 3777 minime
1648 3740 1713 3779 eon·

82 3810 216 3884 expilitaii'
231 3828 326 3867 onmes
340 3813 425 3868 totius
439 3810 538 3866 Mundi
551 3828 596 3866 res
609 3810 873 3885 eshissolisposse,
923 3804 1065 3869 stihitivae
1088 3817 1203 3867 naturae
1227 3810 1356 3882 eorporis
1390 3809 1435 3865 hd
1457 3809 1562 3866 tactiles
1582 3828 1648 3882 ergo
1668 3829 1713 3867 res

81 3899 152 3954 ntis
166 3900 247 3956 lertio
262 3901 442 3956 ioueiitioium
456 3899 679 3973 philosophorum
693 3901 780 3972 docet,
795 3904 874 3955 etex
924 3902 1015 3957 onmis
1034 3901 1123 3958 rediit
1156 3900 1193 3955 Et
1211 3898 1322 3971 quidem
1341 3897 1446 3971 primae
1464 3898 1543 3954 iliae:
1561 3900 1644 3971 calor,
1665 3901 1713 3956 tiu·

82 3988 128 4044 his
141 3992 226 4060 paud,
241 4004 312 4060 quae
326 3989 409 4060 paulu
423 3994 488 4045 ante
500 3988 590 4061 posui,
605 4004 690 4060 quuni
709 3988 875 4062 possibilita·
925 3990 1051 4062 miditas,
1072 3988 1193 4059 siccitas,
1214 3987 1313 4059 lii‘gus,
1332 3986 1456 4058 singtilae
1474 3987 1569 4044 abesse
1588 3993 1712 4061 possuit,

82 4081 142 4132 tem
151 4076 353 4132 eoniihatioiiis
363 4077 554 4133 Aristotelieso
564 4075 742 4132 ostenderem.
768 4077 875 4133 Deinde
924 4079 1000 4135 ealon
1012 4082 1104 4151 potest
1117 4077 1213 4132 almeo
1227 4076 1263 4131 ab
1277 4091 1358 4146 aqna,
1373 4075 1521 4130 humiditas
1534 4093 1553 4131 a
1567 4080 1648 4147 teria,
1662 4077 1713 4133 sie·

82 4180 193 4236 apioque
213 4165 366 4221 notandum
380 4170 431 4238 est,
451 4182 498 4220 eas
513 4166 684 4238 Hypotheses
704 4183 762 4221 eme
780 4165 875 4221 melio·
925 4167 994 4224 citas
1012 4168 1049 4223 ab
1068 4169 1140 4236 atie,
1161 4164 1245 4236 trigue
1264 4164 1301 4219 ab
1321 4163 1392 4237 igne,
1412 4168 1441 4219 et
1459 4168 1553 4220 tanieii
1572 4165 1714 4237 quodlibet

83 4270 137 4324 ies,
158 4269 228 4325 quae
246 4259 311 4308 sunt
328 4254 464 4310 clariores
501 4254 565 4309 Jani
583 4270 650 4309 vero
664 4269 742 4310 mens
755 4253 875 4308 humana
924 4257 1022 4312 henim
1035 4258 1125 4327 potet
1138 4269 1197 4308 eme
1210 4269 1317 4325 eorpus
1360 4252 1490 4308 Caetaae
1507 4253 1653 4324 qiralitsitas
1673 4258 1713 4308 ta-

82 4341 153 4396 nihil
169 4341 246 4397 alind
256 4342 401 4415 imaginari
413 4345 511 4415 potest,
523 4357 606 4414 quam
617 4347 738 4398 mentem
749 4340 873 4413 (qnando
924 4345 1002 4401 utiles
1016 4360 1042 4397 v.
1048 4361 1074 4415 g.
1088 4340 1238 4415 glabritiss,
1252 4340 1359 4412 levitas,
1374 4341 1506 4396 tenacitas
1517 4346 1568 4397 ete
1581 4358 1640 4398 nou
1652 4359 1712 4399 esse

81 4429 187 4486 stilioet
210 4431 313 4502 eogitat
331 4431 465 4504 seipsam)
485 4430 614 4503 spatium,
639 4429 791 4501 materiam,
816 4447 875 4486 nio·
924 4438 1038 4490 naturaa
1047 4429 1170 4503 eorporis
1180 4429 1460 4485 ooiisti‘tutivaeotiam
1471 4430 1553 4502 vulgo
1562 4446 1712 4503 agrioscnu·

81 4524 154 4589 tnm,
174 4522 204 4574 et
222 4534 293 4591 quse
312 4535 348 4574 eii
362 4519 405 4575 his
417 4520 491 4574 inter
504 4536 534 4575 se
547 4519 713 4592 eomparatis
732 4517 874 4592 resultant,
925 4528 978 4595 un,
993 4538 1028 4577 eo
1042 4520 1103 4593 ipso
1117 4517 1183 4591 qnia
1196 4518 1329 4574 meundae
1342 4518 1524 4590 appellantur,
1537 4525 1567 4574 et
1580 4520 1619 4575 ita
1633 4523 1711 4574 ortae

81 4606 217 4680 quidquid
236 4607 468 4680 superaddideris,
488 4608 573 4663 verba
592 4611 657 4663 sunt
675 4611 791 4678 autum
806 4623 876 4680 qnae
925 4627 961 4666 ex
975 4609 1037 4667 aliis
1051 4623 1121 4681 qma
1131 4607 1222 4680 potins
1235 4610 1300 4662 sunt
1309 4606 1509 4679 eonstitntivae,
1524 4611 1553 4662 et
1562 4612 1710 4679 praeteria,

80 4695 233 4767 nominari,
251 4700 280 4752 et
300 4695 374 4753 inter
387 4713 418 4752 se
432 4695 507 4751 varie
521 4695 674 4752 combinari
689 4700 813 4768 possmt,
827 4712 876 4751 eii·
924 4697 992 4770 quia
1004 4697 1082 4752 nulla
1094 4712 1190 4752 earnm
1203 4700 1253 4766 est,
1268 4711 1339 4767 quae
1350 4696 1609 4769 nonshessepossit
1621 4712 1639 4749 a
1651 4711 1711 4750 eor·

80 4783 182 4859 plitari
202 4789 231 4839 et
245 4783 361 4855 intelligi
383 4801 440 4840 non
459 4789 581 4857 possunt
626 4783 695 4850 Quis
713 4783 788 4839 eiiiui
808 4784 876 4839 inia-
925 4802 999 4858 pore
1026 4785 1123 4841 Restat
1136 4784 1220 4857 igitar
1233 4783 1390 4856 indaganda
1403 4783 1496 4856 aliqua
1509 4783 1627 4855 qualitas
1649 4800 1710 4839 sen·

81 4872 173 4944 ῥιπὶ
187 4869 243 4928 sibi
258 4877 349 4945 potest
367 4873 425 4928 Ens
443 4873 517 4945 quod
539 4888 627 4944 neque
641 4871 809 4928 extensionis
830 4888 877 4927 ne
925 4871 1022 4945 sibilis,
1037 4888 1108 4944 quae
1121 4872 1249 4928 omnibus
1263 4877 1292 4928 et
1304 4872 1371 4927 solis
1384 4871 1544 4944 corporibus
1562 4877 1709 4945 oompetat,

80 4976 139 5033 que
163 4960 338 5032 eogitationis
366 4962 403 5017 sit
428 4961 581 5035 particepsl
607 4960 673 5033 quid
698 4977 768 5032 opus
792 4959 877 5032 igitur
926 4965 1004 5016 etex
1017 4975 1072 5032 qua
1085 4962 1159 5017 velut
1172 4960 1387 5032 signuhomines
1396 4975 1710 5034 eoipiisanonoorpoie

80 5049 193 5105 animas
219 5048 371 5122 biutonmi,
395 5051 604 5123 plantarumque
623 5049 797 5121 inoorpoieas
823 5050 877 5104 ior·
926 5049 1096 5121 ‹tignosmiit
1128 5050 1169 5105 Eu
1188 5048 1321 5104 nimirum
1340 5053 1383 5103 ast
1395 5047 1536 5104 Crassitioe
1555 5065 1603 5105 seu
1622 5037 1709 5102 uisui—

81 5153 143 5194 mas
158 5137 357 5195 eleinentonim
372 5138 599 5211 metallorumque
612 5136 814 5211 substantiales,
828 5152 876 5193 eii·
926 5119 1027 5190 τυπία
1039 5152 1103 5195 euni
1116 5137 1277 5195 exunsioiie
1295 5141 1395 5195 sumta.
1427 5135 1565 5210 Quidquid
1579 5137 1709 5194 nimirum
