3706 5828
104 330 166 394 xx
728 330 1123 408 ruasrsrro.

108 465 242 535 Cartesii
258 461 429 555 discipulo,
450 463 505 555 qui
526 474 635 533 contra
656 463 847 534 Leibnitium
862 465 1009 557 magistri
1031 484 1161 532 causam
1182 459 1346 532 defendere
1367 472 1506 545 conatur,
1528 458 1624 529 verba
1644 459 1740 529 Leib-

107 583 174 652 nitii
193 580 389 649 innotuerint
432 576 547 670 Neque
568 590 675 648 tamen
697 582 825 650 omuino
845 594 1019 672 repugnem
1040 577 1084 646 Ill
1106 578 1262 661 Consim,
1284 580 1337 664 qui
1357 576 1521 647 Nicasium
1541 575 1624 645 hanc
1644 575 1740 644 Leib-

107 697 174 766 uitii
196 692 360 786 epistolam
382 716 457 761 cum
472 693 599 777 Hu'e‘tio‚
620 694 706 764 hunc
720 718 796 763 vero
818 717 894 762 cum
917 695 984 762 aliis
999 696 1250 762 communicasse
1269 693 1390 786 probat,
1411 693 1496 762 unde
1509 692 1644 783 denique
1664 706 1740 784 per-

108 812 216 879 venire
237 809 436 901 potuerit.ad
459 810 670 879 Cortesianos.
713 809 799 878 Nam
822 832 896 877 cum
917 809 1090 878 Leibnitius
1112 809 1313 877 disertissime
1335 806 1417 876 dicat
1438 813 1479 900 (Ρ.
1504 811 1596 896 142),
1616 830 1652 874 se
1671 809 1740 875 bu·-

107 934 173 993 stra
193 924 345 1018 impedire
372 923 509 992 voluisse
538 928 706 1017 quominus
728 924 988 1017 vulgarentur
1014 924 1094 993 haec
1114 924 1220 1007 verba,
1248 925 1400 1016 suspicari
1429 921 1557 1015 quidem
1578 915 1689 1015 possis'
1702 944 1741 990 ea

108 1062 184 1108 cum
205 1039 285 1108 hoec
308 1039 457 1109 scriberet
482 1042 538 1107 uni
560 1050 616 1108 aut
636 1039 725 1109 alteri
747 1038 843 1107 diario
858 1040 970 1131 gallico
990 1044 1057 1132 jam
1077 1043 1195 1109 inserta
1208 1039 1315 1121 luisse,
1336 1039 1394 1106 sed
1414 1049 1521 1106 tamen
1543 1060 1583 1105 ex
1603 1040 1642 1106 iis
1658 1061 1742 1129 quae

107 1153 205 1247 paulo
234 1165 307 1247 post
327 1155 446 1222 scribit:
494 1153 701 1245 -Cependant
724 1157 851 1248 j’avoue
880 1153 920 1223 de
946 1179 988 1224 ne
1016 1178 1074 1246 pas
1102 1152 1310 1244 comprendre
1330 1149 1502 1221 l’intention
1523 1151 1563 1221 de
1584 1153 1665 1221 celui
1686 1156 1743 1245 qui

111 1271 233 1337 »referte
245 1270 292 1338 ¹ce
314 1292 449 1362 passage
470 1268 510 1337 de
533 1293 585 1337 rna
606 1269 697 1339 lettre
718 1281 752 1338 et
772 1269 803 1338 le
824 1269 930 1362 publie
952 1295 993 1338 en
1015 1269 1121 1338 mdme
1142 1279 1275 1360 temps·
1289 1307 1333 1317 -
1355 1289 1507 1359 apparere
1528 1268 1652 1340 videtur
1672 1271 1743 1362 ip'sa
1790 1271 1793 1278 ’

108 1383 240 1453 demum
265 1383 347 1453 illius
369 1384 543 1453 Cartesiani
564 1388 750 1453 refutatione
771 1383 915 1453 Leibnitii
937 1384 1102 1478 epistolam
1129 1383 1319 1476 publicatam
1342 1405 1420 1451 esse.

196 1497 304 1568 XLIII
331 1499 563 1568 Re'llexions
593 1499 678 1568 d‘un
699 1501 903 1592 Anonyme
930 1524 997 1568 sur
1023 1524 1101 1570 une
1122 1497 1313 1602 lettreude
1334 1497 1399 1567 ttr.
1421 1497 1591 1581 Leibnis,
1619 1498 1742 1568 c'crlte

107 1612 212 1682 ants.
238 1613 364 1683 t’abbe
392 1613 562 1685 Nicaise.
607 1616 656 1684 Eo
682 1618 752 1708 ipso
781 1639 863 1684 anno
885 1638 950 1706 quo
972 1614 1144 1683 Leibnitius
1173 1613 1213 1681 ad
1234 1611 1398 1697 Nicasium
1424 1615 1599 1705 scripserat,
1624 1615 1742 1682 inserta

109 1738 158 1797 est
179 1728 258 1798 haec
280 1731 382 1799 acrior
401 1732 546 1800 refutatio
569 1730 665 1801 diario
681 1731 802 1825 gallico,
825 1732 915 1822 cujus
938 1740 1030 1799 autor
1050 1752 1237 1820 anonymus,
1258 1738 1295 1795 ut
1316 1751 1356 1796 err
1370 1727 1501 1818 epistola
1522 1727 1658 1821 quadam
1671 1727 1743 1797 elu-

108 1853 172 1930 cet,
192 1866 211 1912 a
233 1844 374 1913 Cousino
395 1845 452 1914 Ic.
474 1872 507 1940 Ρ.
519 1850 593 1915 301.
615 1847 707 1928 edita,
727 1846 917 1915 clarissimus
938 1848 1005 1937 ejus
1026 1846 1176 1938 temporis
1186 1845 1316 1912 Cartesii
1336 1842 1505 1937 discipulus
1522 1846 1591 1929 luit,
1607 1841 1746 1914 fulcrum

109 1967 206 2061 atque
222 1956 371 2027 columna
388 1971 425 2027 ut
439 1962 484 2028 ita
503 1961 605 2030 dicam
623 1961 868 2045 Canesianismi,
889 1961 1005 2029 Petrus
1021 1960 1169 2030 Silvanus
1184 1959 1290 2051 Regis.
1323 1959 1384 2026 Cui
1402 1959 1743 2050 opposuitLeibnitius:

197 2069 312 2143 XLIV.
339 2074 524 2164 Reponse
551 2099 624 2144 aux
653 2076 868 2146 reflexions
896 2078 960 2168 qui
987 2070 1032 2145 se'
1056 2084 1248 2143 trouvent
1276 2073 1371 2141 dans
1397 2073 1432 2143 le
1454 2078 1498 2143 23
1523 2072 1676 2164 journal
1697 2069 1745 2143 de

109 2194 215 2254 cette
237 2191 360 2257 nunde
382 2191 570 2260 touchant
590 2192 648 2260 les
670 2196 965 2284 consequences
992 2190 1039 2258 de
1060 2189 1255 2282 quelques
1284 2189 1457 2257 endroits
1486 2187 1533 2257 de
1553 2187 1590 2257 la
1610 2187 1742 2257 Philo-

108 2299 246 2390 sophie
274 2302 320 2374 de
346 2303 577 2390 Descartes,
603 2311 840 2399 responsionem
869 2306 982 2375 eodem
1010 2329 1093 2374 anno
1122 2305 1218 2373 dario
1240 2303 1352 2397 gallico
1378 2304 1542 2385 insertam,
1568 2326 1651 2393 quae
1676 2326 1745 2373 non

109 2414 214 2484 solum
235 2419 511 2490 mansuetudinem
534 2447 571 2492 ac
593 2423 762 2493 candorem
775 2422 919 2493 Leibnitii
941 2431 1081 2503 testatur,
1103 2419 1159 2488 sed
1182 2421 1277 2488 etiam
1299 2443 1373 2487 eum
1395 2418 1507 2486 melius
1528 2440 1625 2510 quam
1637 2418 1744 2510 ipsum

109 2528 329 2601 Cartesianum
351 2536 485 2605 Cartesii
506 2560 602 2628 opera
622 2536 746 2632 legisse,
768 2537 899 2631 pulchre
921 2546 1083 2605 monstrat
1104 2535 1242 2623 (Dutens
1264 2544 1322 2602 etc.
1343 2531 1363 2599 l.
1385 2557 1411 2602 c.
1433 2558 1464 2626 Ρ.
1487 2536 1553 2602 aas
1574 2542 1608 2600 et
1628 2537 1736 2658 25‘.>).1⁸

197 2645 298 2716 XLV.
320 2648 500 2741 Epistola
522 2651 570 2719 ad
592 2653 812 2723 Fardellam
843 2676 883 2722 ex
905 2650 1019 2720 Felleri
1040 2652 1192 2718 sententia
1214 2671 1296 2716 anno
1321 2646 1537 2718 MDCXCVII
1558 2649 1745 2738 conscripta,

109 2781 129 2827 c
151 2764 243 2853 cujus
264 2764 559 2835 OtioHanoverano
582 2769 739 2860 equidem,
761 2772 843 2838 sicut
865 2778 937 2836 ante
959 2760 1208 2848 meDutensius,
1232 2763 1290 2831 has
1309 2762 1449 2831 literulas
1470 2765 1645 2832 exscribere
1666 2788 1742 2834 coa-

109 2883 180 2942 ctus
206 2901 310 2962 eram,
348 2902 423 2946 cum
451 2880 637 2951 Hanovcrae
669 2886 751 2953 inter
777 2882 972 2977 autographa
999 2881 1192 2949 Leibnitiana
1219 2877 1389 2947 nonnullae
1422 2878 1550 2969 quidem
1579 2877 1744 2949 Fardclla'e

109 2989 261 3080 epistolae
281 2992 384 3062 italice
405 2999 615 3091 conscriptae,
637 3021 697 3068 nec
718 3023 783 3067 non
805 3022 869 3086 una
890 2997 1033 3066 Leibnitii
1055 3020 1138 3089 quae
1159 2995 1327 3064 historicae
1348 2992 1459 3062 indolis
1480 3003 1545 3078 est,
1565 2993 1645 3063 haec
1665 3018 1743 3064 vero

106 3123 172 3172 non
197 3109 377 3198 reperiatur.

197 3217 310 3291 XLVI.
342 3223 520 3317 Epistola
549 3226 593 3294 ad
620 3230 852 3312 sturmium,
885 3225 998 3296 eodem
1025 3249 1107 3296 anno
1135 3226 1310 3317 conscripta
1335 3223 1444 3292 itidem
1471 3227 1504 3292 in
1531 3223 1644 3293 Felleri
1670 3225 1743 3293 0tio

109 3331 320 3406 Hanovcrano
341 3342 479 3432 primum
500 3341 642 3435 vrdgata,
671 3344 755 3436 apud
776 3344 969 3412 Dutensium
992 3345 1147 3433 reperitur
1167 3339 1187 3408 l.
1203 3363 1231 3409 c.
1247 3363 1278 3430 p.
1293 3343 1345 3408 94.
1382 3340 1474 3407 Cadit
1495 3339 1557 3408 hoc
1578 3342 1673 3408 edam
1694 3343 1743 3409 in:

198 3447 324 3522 XLVII.
346 3453 486 3527 Lettre
508 3481 554 3526 au
576 3460 675 3528 Pere
697 3461 854 3529 Bouvet
876 3460 895 3526 ir
913 3460 1039 3542 Paris,
1062 3480 1160 3551 quam
1175 3454 1340 3548 epistolam
1354 3456 1386 3521 in
1401 3455 1535 3524 editione
1549 3454 1744 3524 Dutensiana

107 3587 139 3656 p.
160 3566 393 3661 reelegimus.

198 3678 338 3753 XLVIII.
365 3685 422 3754 Dc
450 3711 581 3756 rerum
609 3691 875 3781 originatione
901 3687 1074 3772 radicali,
1120 3689 1194 3772 Quo
1222 3684 1314 3756 titulo
1335 3684 1505 3753 Leibnitius
1525 3683 1664 3752 libellum
1691 3686 1742 3753 iu·

36 3895 39 3900 ¹
107 3794 238 3884 scripsit,
259 3803 314 3890 qui
334 3801 476 3870 nondum
498 3803 601 3870 adhuc
622 3803 724 3871 editus
746 3804 888 3897 plagulas
910 3827 1008 3871 unam
1030 3813 1062 3871 ct
1082 3803 1241 3870 dimidiam
1261 3804 1423 3872 continens
1443 3803 1525 3867 inter
1544 3798 1742 3867 Illscr.Leib·

107 3907 224 3980 nihana
244 3911 431 3985 Hanovcrae
453 3928 646 4001 asservatur,
666 3921 781 4011 cuique
803 3918 975 3988 Leibnitius
995 3920 1064 4008 ipse
1086 3918 1257 4010 adscripsit,
1279 3941 1313 3984 se
1335 3939 1410 3984 eum
1432 3913 1743 3984 annollIDCXCVIl

107 4012 137 4081 (l.
161 4021 212 4088 23.
233 4021 316 4094 Nov.
339 4035 569 4124 conscripsisse.
655 4058 659 4064 ·

197 4133 311 4209 XLIX.
333 4142 468 4214 Lettre
491 4148 701 4217 irl'auteur
723 4147 768 4216 de
790 4147 984 4216 l‘histoire
1007 4147 1075 4216 des
1097 4150 1305 4238 Ouvrages
1326 4143 1394 4214 des
1416 4145 1579 4229 Savans,
1601 4155 1742 4216 conte·

108 4261 201 4319 nant
222 4278 274 4326 un
296 4258 637 4333 &claircissement
663 4265 731 4332 des
753 4261 974 4330 dillicultes
1003 4286 1076 4353 quc
1099 4262 1161 4330 llr.
1183 4258 1307 4350 Bayle
1336 4261 1564 4328 ntrouvdes
1592 4257 1685 4327 dans
1706 4259 1745 4329 le

109 4368 282 4452 systdme
297 4397 480 4443 nouveau
496 4375 539 4443 de
553 4376 699 4446 l'union
715 4378 758 4445 dc
771 4376 880 4445 l'ame
895 4386 933 4444 et
946 4377 997 4443 du
1011 4400 1137 4468 corps.
1161 4375 1253 4460 Quae
1267 4373 1407 4466 epistola,
1417 4398 1499 4442 anno
1511 4371 1745 4444 MDCXCVIII

108 4474 257 4575 Basnagii
279 4485 425 4561 historiae
447 4513 579 4583 operum
602 4491 768 4561 doctorum
788 4494 919 4573 inserta,
944 4490 1016 4558 inde
1038 4494 1070 4560 irr
1091 4490 1240 4557 Dutensii
1266 4488 1431 4557 editionem
1458 4489 1488 4575 (l.
1511 4511 1538 4556 c.
1560 4514 1590 4581 p.
1612 4492 1668 4577 74)
1684 4512 1743 4559 're-

107 4606 200 4686 capu
221 4612 278 4671 cst.

199 4712 236 4780 L.
262 4715 321 4786 De
348 4724 434 4813 ipsa
463 4733 606 4791 natura
634 4722 717 4789 sivc
740 4722 785 4789 de
806 4723 843 4788 vi
870 4723 991 4788 insita
1018 4719 1321 4809 actionibusque
1351 4729 1626 4787 creaturarum.
1680 4719 1745 4790 llic

106 4819 231 4896 libellus
251 4835 390 4925 primum
418 4838 521 4906 editus
549 4846 598 4903 est
625 4858 707 4903 anno
730 4834 975 4916 MDCXCVIII,
1000 4859 1075 4904 cum
1097 4833 1268 4903 Leibnitius
1295 4857 1370 4901 eum
1392 4844 1555 4926 tamquam
1575 4858 1744 4905 censuram

108 4935 178 5008 libri
199 4945 370 5018 Sturmiani
398 4953 475 5018 actis
503 4949 706 5018 Eruditonrm
727 4949 812 5044 Lips.
834 4954 992 5021 insereret.
1043 4950 1135 5019 Unde
1156 4949 1330 5018 Dutensius
1359 4974 1434 5019 eum
1460 4951 1579 5040 recepit
1606 4960 1639 5017 et
1665 4955 1742 5019 cum

109 5078 148 5124 w
169 5059 358 5135 collectionis
379 5076 469 5159 parte
493 5066 746 5154 concorporavit,
772 5089 926 5158 quaeres
949 5065 1094 5159 physicas
1116 5074 1235 5134 tractat.
1267 5066 1345 5149 Etsi,
1366 5075 1518 5154 utsupra
1542 5067 1608 5156 jam
1636 5067 1741 5134 moni-

108 5179 177 5247 am
197 5186 258 5263 cst,
277 5179 310 5252 in
331 5179 439 5250 multis
459 5182 557 5254 nostri
576 5177 687 5253 libellis
708 5181 761 5250 vix
783 5191 928 5252 arcuato
950 5180 1068 5257 definiri
1088 5191 1193 5273 potest
1214 5179 1288 5272 quid
1311 5179 1540 5275 philosophicae
1560 5179 1672 5250 indolis
1693 5183 1743 5266 sit,
1764 5231 1766 5235 ν
