3706 5828
710 326 1107 388 PRAEFATIO.
1633 331 1708 397 xlx

160 452 315 539 XXXVI,
348 457 533 547 Syste'me
557 480 737 526 nouveau
770 456 815 527 de
842 458 880 527 la
906 471 1047 529 nature
1074 471 1112 529 et
1141 458 1186 528 de
1213 459 1249 528 la
1277 465 1609 533 communication
1637 464 1704 536 des

69 567 317 655 substances,
337 571 593 641 Commentarius
615 596 712 664 quem
734 574 928 644 &mimmmo
948 577 1077 644 nomine
1099 586 1192 645 autor
1212 577 1245 644 in
1265 576 1410 645 Dianium
1433 577 1588 647 Gallicum
1609 582 1703 651 inseri

69 685 286 753 crusvitanno
301 685 500 769 MDGXCV;
522 711 597 778 quo,
618 698 655 756 ut
676 713 717 758 ex
738 688 869 782 epistola
889 689 931 757 ad
943 690 1224 783 hlagliabecchium
1244 715 1341 783 supra
1360 693 1486 762 laudata
1506 704 1539 763 et
1552 719 1592 763 ex
1604 697 1704 788 ipsius
1738 673 1740 676 ‚

68 797 167 890 hujus
187 802 362 893 scriptionis
382 805 469 873 initio
491 802 603 887 elucet,
632 827 671 872 ea
697 807 896 874 continentur
924 829 1007 898 quae
1028 829 1103 874 cum
1117 806 1251 876 Arnaldo
1275 811 1343 899 jam
1372 819 1464 877 antea
1485 813 1701 880 communica-

69 924 168 983 verat.
210 915 395 1007 Sequuntur
416 943 499 1009 quae
519 918 545 985 F
547 918 704 989 eucherus
724 919 878 988 Leibnitio
899 922 1060 1013 opposuit:

160 1027 324 1101 XXXVII,
349 1031 535 1125 Re'ponse
561 1034 608 1103 de
629 1035 693 1103 ltlr.
715 1035 894 1105 Foucher
920 1036 1024 1104 ahlr.
1045 1034 1206 1105 Leibnia
1234 1060 1300 1104 sur
1327 1060 1397 1105 son
1427 1060 1611 1107 uouveau
1634 1062 1701 1130 sy-

68 1147 205 1214 stdme
249 1147 342 1232 Quae
370 1171 445 1216 cum
471 1149 588 1218 inserta
616 1161 723 1218 essent
744 1150 854 1219 Diario
876 1149 989 1243 gallico
1012 1153 1085 1220 anni
1105 1150 1306 1235 MDCXCV,
1327 1151 1501 1239 Leihnitius
1522 1177 1607 1245 quae
1627 1177 1698 1224 rur-

69 1284 145 1328 sum
164 1261 377 1354 respondisset
397 1263 502 1333 eidem
522 1264 619 1334 diario
639 1267 735 1335 inseri
747 1267 891 1335 curavit:

159 1375 336 1448 XXXVlll·
358 1377 708 1449 Eclaircissement
729 1379 779 1449 du
799 1404 981 1451 uouveau
1003 1382 1176 1472 systeme
1198 1380 1243 1449 ds
1265 1380 1304 1450 la
1324 1384 1615 1454 comunication
1636 1383 1702 1455 des

68 1490 325 1577 substances,
352 1517 452 1587 pour
474 1496 605 1563 servir
631 1495 679 1564 de
706 1498 877 1586 reponse
905 1519 954 1563 au
976 1498 1161 1565 memoire
1188 1496 1235 1565 de
1256 1497 1320 1565 Mr.
1343 1496 1542 1581 toacher,
1569 1500 1702 1567 insere

68 1604 165 1674 dans
186 1605 224 1677 le
240 1609 398 1699 journal
420 1609 486 1678 des
509 1610 661 1678 Savans
683 1609 733 1680 du
756 1615 808 1679 12.
824 1611 928 1703 Sept.
952 1612 1047 1680 1695.
1092 1613 1244 1703 Sequitur
1263 1610 1346 1680 hanc
1368 1611 1611 1704 explicationem
1632 1612 1702 1697 alia,

67 1723 132 1804 cui,
153 1724 213 1789 etsi
234 1723 328 1812 paulo
352 1735 424 1793 ante
444 1723 530 1792 illam
550 1723 680 1816 vulgata
701 1728 750 1808 sit,
772 1737 879 1795 tamen
901 1749 977 1795 cum
998 1725 1156 1795 Dutensio
1178 1726 1264 1795 hunc
1285 1726 1380 1795 indidi
1401 1726 1542 1795 titulum:

157 1835 309 1907 XXXIX
334 1838 488 1909 Second
510 1838 857 1910 &claircissement
883 1841 933 1910 du
954 1844 1130 1932 systeme
1153 1842 1199 1912 de
1219 1841 1256 1911 la
1278 1843 1611 1911 communication
1633 1841 1701 1910 des

67 1951 312 2022 substances
356 1955 449 2040 Quae
474 1955 654 2044 systematis
682 1955 861 2048 explanatio
888 1958 921 2025 in
943 1956 1091 2050 Basnagii
1119 1957 1247 2026 historia
1275 1980 1408 2048 operum
1431 1956 1596 2026 doctorum
1617 1979 1701 2026 auno

67 2065 283 2137 hlucxcvt
302 2071 439 2161 primum
460 2070 552 2153 edita,
572 2070 657 2161 apud
677 2069 870 2140 Dutensium
891 2071 1005 2164 legitur
1032 2072 1051 2139 l
1073 2097 1099 2142 c
1121 2099 1152 2166 p.
1173 2076 1227 2143 71.

158 2179 226 2249 XL
256 2183 473 2253 Troisileme
501 2184 854 2255 e'claircissement
901 2187 1056 2255 Extrait
1083 2187 1195 2257 d’une
1222 2188 1344 2257 lettre
1372 2186 1419 2255 de
1445 2186 1509 2255 lllr.
1536 2184 1702 2254 Leihnis

68 2320 137 2365 sur
164 2321 233 2367 son
260 2298 485 2392 hypothise
512 2299 559 2369 de
585 2299 839 2392 philosophie
866 2312 906 2371 et
932 2327 1001 2371 sur
1027 2302 1063 2373 le
1089 2303 1293 2396 prohlleme
1319 2304 1486 2372 curieux
1513 2308 1633 2393 qu'un
1655 2300 1702 2370 de

70 2437 137 2480 ses
160 2416 254 2483 arnis
276 2438 447 2508 propose
468 2438 542 2483 aux
556 2414 909 2485 llathematiciens.
941 2417 1065 2487 hlutato
1086 2421 1215 2489 nomine
1236 2418 1298 2487 hoc
1320 2415 1702 2509 epistolaelragmentum,

69 2528 179 2598 Diario
199 2528 311 2622 gallico
333 2554 416 2600 anno
436 2529 640 2600 thCXCVl
660 2533 799 2624 primum
818 2533 982 2616 insertum,
1004 2535 1051 2602 his
1077 2535 1110 2602 in
1131 2534 1280 2602 Dutensii
1300 2532 1435 2601 editione
1456 2532 1609 2623 reperitur
1628 2529 1649 2597 l
1671 2553 1699 2600 c

67 2628 101 2736 pi.
116 2648 160 2714 73
180 2655 212 2713 et
226 2668 256 2736 p.
272 2648 421 2716 94-97.
457 2646 590 2715 Servavi
603 2669 683 2736 quas
695 2646 870 2717 Dutensius
883 2651 1033 2740 imposuit
1045 2651 1271 2739 inscriptiones,
1290 2650 1334 2715 ita
1348 2658 1385 2716 ut
1399 2671 1452 2717 eas
1467 2650 1701 2739 conjungerem.

157 2758 226 2828 XL.
248 2762 279 2832 b.
301 2758 518 2829 Schreihen
540 2784 586 2830 an
610 2759 768 2829 Gahriel
793 2764 969 2856 Wagner.
1006 2766 1102 2834 Vom
1123 2763 1279 2832 Nutaen
1301 2763 1368 2832 der
1387 2762 1701 2832 Vernunltlrunst

68 2875 163 2944 oder
183 2875 312 2968 tagit
344 2876 434 2945 Haec
454 2875 596 2967 epistola,
618 2899 701 2943 anno
723 2876 932 2948 lllDCXCVl
954 2881 1140 2972 conscripta,
1162 2881 1300 2971 primum
1322 2878 1406 2947 edita
1427 2889 1476 2946 est
1496 2880 1529 2945 in
1551 2877 1699 2946 Guhrau·

65 2993 116 3059 eri
134 2990 229 3060 libro:
255 2990 439 3060 ·Leihnitu's
460 2989 612 3059 deutsche
634 2991 799 3074 Schriften,
820 2993 903 3062 Berl.
926 2998 1053 3077 18383·
1079 3019 1176 3087 quam
1197 2994 1248 3063 hic
1269 2994 1367 3062 talem
1388 2995 1596 3082 proponimus
1617 3015 1698 3083 qua-

66 3106 105 3172 lis
126 3108 160 3174 in
180 3106 232 3174 illa
253 3107 387 3175 editione
408 3109 491 3198 typis
513 3129 662 3198 expressa
684 3118 741 3174 est
778 3108 977 3199 Typothetae
999 3121 1108 3178 autem
1130 3133 1267 3178 errorem
1289 3134 1353 3202 quo
1375 3109 1455 3178 haec
1477 3106 1608 3202 epistola
1627 3107 1698 3176 loco

67 3246 134 3291 non
155 3246 215 3290 sno
237 3223 337 3314 posita
358 3224 406 3303 sit,
428 3224 629 3291 annotatione
650 3245 681 3311 p.
703 3225 781 3292 418.
802 3247 953 3292 excusare
975 3228 1078 3293 eonati
1098 3249 1219 3293 sumus.

161 3335 243 3404 XLl.
276 3336 508 3407 Rdllexions
541 3360 606 3405 sur
638 3336 769 3405 l'essai
802 3339 847 3407 de
878 3338 1177 3408 l'entendement
1209 3339 1366 3408 humain
1400 3338 1445 3407 de
1475 3336 1537 3407 Mr.
1564 3337 1699 3407 Loeke.

68 3454 182 3539 Quum
209 3450 381 3521 Leihnitius
409 3476 491 3520 anno
521 3450 726 3521 MDCXCVI
754 3453 940 3537 audivisset,
967 3458 1069 3547 parari
1096 3454 1322 3524 Amstelodami
1349 3455 1526 3521 vernonem
1554 3453 1698 3544 gallicam

67 3571 171 3658 operis
185 3567 343 3650 Lockiani,
363 3570 547 3660 conscripsit
568 3568 625 3634 has
648 3569 934 3637 animadversiones
955 3582 1000 3653 ut,
1022 3580 1191 3661 postquam
1214 3593 1289 3637 cum
1308 3569 1425 3635 Loekio
1447 3571 1699 3636 communicatae

67 3694 190 3766 esseut,
211 3707 275 3752 una
296 3707 371 3751 cum
391 3682 446 3750 illa
465 3686 610 3752 versione
632 3682 806 3753 ederentur.
851 3685 917 3753 Sed
943 3709 1019 3753 cum
1040 3684 1176 3753 Lockius
1203 3708 1260 3775 pro
1282 3683 1378 3751 nihilo
1400 3706 1454 3750 eas
1476 3682 1620 3763 duceret,
1641 3705 1697 3748 su·

66 3799 207 3889 persedit
225 3809 332 3867 noster
352 3800 502 3882 editione,
529 3823 594 3890 quo
614 3802 733 3868 lactum
756 3809 804 3866 est
831 3808 867 3867 ut
889 3823 971 3869 anno
994 3799 1191 3868 thCCVlII
1218 3823 1282 3866 una
1308 3822 1383 3866 cum
1405 3796 1543 3889 epistolis
1566 3797 1698 3887 posthu-

66 3917 129 3983 mis
142 3913 251 3982 Lockii
270 3914 331 3983 hae
351 3914 636 3984 auimadversiones
650 3913 783 3982 Londini
805 3916 943 4005 primum
965 3914 1131 3983 ederentur
1153 3917 1220 3983 sine
1238 3918 1330 4006 jussu
1351 3911 1502 3981 Leihnitii.
1534 3908 1699 4001 Leguntur

66 4031 100 4097 in
122 4028 202 4113 (Des
224 4027 403 4116 lllaizeaux)
425 4029 557 4098 Recueil
578 4041 638 4098 etc.
660 4031 689 4098 Τ
691 4054 744 4097 οιιι
766 4028 800 4095 ll.
823 4053 853 4119 p.
876 4035 952 4098 299.
976 4042 1007 4097 et
1029 4030 1114 4123 apud
1134 4031 1329 4098 Dutensium
1356 4027 1375 4096 l.
1398 4052 1426 4096 c.
1448 4052 1478 4118 p.
1502 4029 1576 4094 218.

156 4143 412 4214 XLll..Lettre
433 4145 453 4212 a
474 4144 537 4213 Mr.
559 4145 682 4214 l’abbe
704 4144 873 4213 Nicaise.
920 4144 1013 4230 Quae
1035 4170 1130 4236 supra
1153 4146 1335 4212 monuimus
1357 4141 1398 4209 ad
1419 4150 1475 4208 art.
1498 4138 1645 4220 XXXlll,
1664 4142 1697 4207 in

65 4260 151 4329 hanc
172 4263 268 4328 etiam
289 4257 452 4351 epistolam
473 4260 598 4328 cadunt
637 4262 762 4353 Quippe
785 4283 859 4328 cum
878 4263 944 4352 jam
966 4263 1050 4351 typis
1072 4282 1190 4329 excusa
1211 4269 1294 4326 esset
1314 4257 1395 4325 haec
1415 4253 1553 4347 plagula,
1573 4256 1605 4323 in
1626 4279 1696 4322 rna-

65 4398 130 4444 nus
151 4373 227 4442 mihi
246 4383 400 4442 venerunt
419 4377 593 4467 fragmenta
611 4375 658 4443 lll.
674 4376 816 4458 Cousini,
838 4401 920 4467 quae
941 4378 1093 4467 integram
1115 4373 1263 4442 exhibent
1283 4373 1366 4442 hanc
1388 4370 1552 4463 epistolam
1574 4369 1696 4452 (Hana-

65 4513 125 4558 ver
144 4493 190 4577 ἦ
212 4490 339 4557 Fevrier
361 4491 476 4577 1697),
498 4514 595 4580 quam
617 4516 676 4560 nos
698 4492 810 4577 damus
832 4490 1037 4558 decurtatam.
1073 4490 1225 4558 Ceterum
1245 4488 1298 4556 illa
1320 4487 1451 4579 epistola
1474 4495 1598 4577 praeter
1617 4483 1697 4552 haec

64 4605 162 4674 verba
183 4628 266 4695 quae
287 4605 327 4671 ad
349 4605 527 4673 Cartesium
553 4617 704 4698 spectant,
731 4607 774 4674 nil
801 4608 940 4675 eontinet
962 4603 1047 4695 quod
1070 4628 1142 4672 rneo
1170 4603 1366 4694 respondeat,
1387 4599 1517 4668 consilio
1539 4623 1614 4666 cum
1641 4609 1697 4666 aut

64 4744 151 4790 nova
170 4719 304 4787 literaria
325 4730 380 4787 aut
407 4721 628 4814 etymologiam
656 4721 791 4788 nominis
819 4721 1049 4789 Germanomm
1077 4729 1197 4788 tractet.
1243 4718 1343 4786 Valde
1365 4718 1493 4808 gavisus
1520 4737 1592 4780 sum
1620 4735 1695 4779 cum

64 4837 198 4904 Comini
219 4833 354 4904 editione
374 4836 592 4903 confirmatum
614 4835 763 4918 viderem,
790 4835 875 4927 quod
901 4837 933 4902 in
960 4844 1036 4903 nota
1060 4833 1136 4904 huic
1163 4831 1313 4924 epistolae
1341 4831 1462 4900 adnexa
1488 4832 1695 4920 conjeceram.

64 4949 133 5020 Sed
154 4949 283 5019 ubinam
303 4950 383 5019 haec
405 4951 539 5019 Cartesii
564 4951 769 5018 inorinrimtio
796 4952 933 5040 primum
955 4949 1038 5017 edita
1060 4953 1116 5032 sit,
1142 4974 1205 5018 non
1227 4951 1360 5016 invenio.
1404 4945 1559 5035 Equidem
1581 4967 1653 5012 eam
1675 4969 1696 5011 e

64 5068 91 5136 F
92 5065 180 5135 elleri
202 5065 275 5133 Otio
296 5066 522 5148 llanoverano,
549 5067 641 5135 sicuti
661 5064 837 5138 Dutensius
859 5088 987 5157 quoque
1007 5069 1139 5146 lecerat,
1166 5065 1323 5156 exscripsi
1369 5061 1475 5146 Quam
1498 5069 1605 5128 umen
1628 5063 1695 5150 jam

65 5193 161 5254 antea
180 5181 342 5276 vulgatam
362 5206 433 5254 esse
459 5204 501 5253 ex
527 5182 566 5253 iis
592 5181 747 5273 conjicere
773 5203 888 5273 queas,
914 5204 997 5276 quae
1017 5181 1093 5252 huic
1119 5177 1271 5274 epistolae
1290 5176 1526 5269 subjunximus,
1552 5198 1627 5245 cum
1652 5171 1697 5243 illi
