3706 5828
864 435 1095 529 LXXVII.

502 645 1057 771 DEFlNlTIONES
1118 650 1480 771 ETHICAE.

305 999 358 1063 (ax
377 1002 542 1060 autographis
559 1002 675 1051 neraauu
693 1005 802 1055 nontam
818 1005 902 1065 odiu.
920 1016 987 1061 quaa
1003 1005 1031 1053 lu
1048 1006 1204 1055 Bibliotheca
1220 1006 1303 1062 itania
1320 1008 1470 1056 {fauorem
1488 1009 1693 1066 uren-autur).

168 1360 321 1421 lustitia
335 1362 376 1416 cst
390 1357 550 1415 charitas
564 1358 747 1430 sapientis.
986 1347 990 1419 l
1010 1359 1065 1427 Qui
1080 1358 1170 1417 Deum
1194 1366 1272 1419 aaut
1296 1376 1379 1436 super
1399 1363 1509 1437 omnia,
1533 1364 1707 1429 isdemum
1721 1370 1819 1429 amum

168 1450 293 1508 Charitas
307 1452 349 1503 est
363 1445 556 1502 benevolentia
570 1447 714 1515 generalis.
1053 1447 1107 1503 Dei
1121 1450 1172 1504 eet.

167 1536 362 1597 Bermvolentia
377 1540 419 1593 est
433 1533 545 1590 habitus
560 1534 673 1590 amoris.
1008 1534 1063 1603 Qui
1088 1551 1146 1591 non
1176 1535 1286 1607 quaerit
1299 1552 1447 1595 commune
1472 1538 1597 1617 bonum,
1623 1543 1655 1599 is
1682 1543 1750 1603 Deo
1768 1562 1817 1603 nau

167 1628 271 1685 Amare
286 1624 415 1696 aliquem,
429 1627 472 1678 est
485 1621 544 1691 cirus
559 1622 692 1679 felicitate
705 1620 843 1682 delectari.
984 1626 988 1705 Ι
1056 1622 1161 1679 obedit.

167 1713 306 1789 Sapientia
320 1718 362 1768 cst
376 1710 490 1767 scicntia
505 1709 650 1767 felicitatis.
983 1708 987 1827 4
1008 1710 1064 1777 Qui
1077 1727 1135 1767 uon
1148 1709 1257 1784 quaerit
1270 1710 1323 1767 Dei
1337 1712 1470 1787 gloriam,
1485 1713 1546 1773 Deo
1560 1732 1620 1775 nou
1636 1718 1746 1777 obedit

167 1802 294 1859 Felicitas
307 1805 349 1855 est
364 1798 468 1857 laetitia
482 1797 623 1854 durabilia.
1006 1797 1061 1865 Qui
1081 1798 1133 1855 Dei
1152 1797 1270 1867 gloriam
1285 1798 1367 1857 amul
1389 1804 1417 1859 et
1436 1817 1585 1862 commone
1605 1805 1724 1865 boum
1739 1824 1816 1884 que·

166 1888 285 1947 [aetitia
299 1891 340 1943 ast
354 1890 440 1943 statos
453 1886 636 1957 voluptatum.
988 1922 993 1933 .
1051 1885 1096 1957 rit,
1114 1886 1174 1941 Deo
1188 1884 1293 1941 obedit

167 1976 301 2049 Voluptas
322 1991 369 2029 suu
391 1972 537 2031 delectatio
556 1975 599 2028 cst
613 1985 708 2027 sensus
721 1970 913 2047 perfectiouis,
934 1972 963 2030 id
1004 1972 1061 2039 Qui
1075 1974 1164 2029 Deum
1184 1988 1243 2029 uon
1263 1973 1388 2043 manarit
1401 1991 1451 2050 per
1464 1977 1585 2054 factum,
1606 1979 1635 2037 is
1656 1983 1752 2045 Deum
1765 2001 1814 2042 m

210 2069 253 2119 est
280 2077 374 2117 sensus
388 2059 530 2128 cujusdam
545 2060 588 2114 rei
613 2074 684 2132 quac
710 2057 803 2133 jurat,
824 2076 873 2119 scu
893 2077 964 2135 quaa
1050 2061 1116 2116 satis
1138 2065 1222 2116 amat.

210 2151 363 2224 potentiam
377 2148 498 2220 aliquam
512 2146 634 2217 atUurat
1006 2148 1057 2204 (lui
1071 2148 1165 2221 aliqua
1179 2147 1367 2221 displicentia
1381 2149 1450 2207 actis
1460 2150 1524 2228 Dei,
1538 2152 1566 2211 is
1580 2154 1680 2215 Deum
1695 2176 1755 2219 non
1768 2176 1813 2235 pu-

165 2238 318 2313 l‘crficitor,
333 2237 412 2306 cujus
426 2235 548 2309 potentia
562 2238 678 2303 augetur
692 2249 740 2290 sco
750 2233 873 2304 juvatur.
1049 2240 1091 2292 tat
1105 2236 1264 2309 perfectmu.

346 2322 514 2397 llypothesis
528 2322 597 2379 alibi
611 2322 788 2380 demonstra:
1003 2323 1058 2391 Qui
1084 2328 1163 2397 putat
1182 2324 1273 2379 &um
1297 2322 1433 2395 quaedam
1458 2326 1551 2385 facere
1575 2344 1615 2387 cx
1637 2331 1815 2409 bouqulucito

165 2412 288 2471 Mundus
308 2410 963 2484 asapicntissimoetpotentissim01t10narelra
1047 2411 1190 2482 absolut03
1217 2411 1322 2467 nullam
1344 2412 1480 2469 rationem
1500 2415 1639 2493 moena,
1664 2438 1717 2479 seu
1731 2422 1813 2481 liha-

164 2504 347 2575 gubernetur,
362 2515 444 2571 quem
458 2513 588 2555 vocamus
602 2498 700 2555 Deum
1047 2503 1104 2555 tate
1123 2500 1206 2568 aloga
1226 2499 1285 2555 sira
1300 2498 1488 2577 indifferente,
1509 2502 1645 2565 isDeam
1659 2524 1720 2567 nm
1732 2518 1813 2586 pum

457 2585 672 2659 Propositiones.
1047 2587 1210 2659 perfeetum.

163 2677 218 2733 Dei
229 2676 289 2733 finis
300 2672 758 2747 sivescopuscstlactitiapropria,
770 2672 961 2731 seuamorsui.
1004 2672 1058 2739 Qui
1079 2678 1158 2747 putat
1172 2674 1262 2729 Deum
1281 2688 1362 2745 agere
1382 2674 1489 2747 optimo
1508 2678 1597 2737 modo
1609 2684 1761 2763 possibili,
1785 2688 1812 2745 ia

163 2766 239 2823 Deus
256 2767 403 2834 creaturas,
420 2766 448 2819 et
462 2762 583 2817 nranime
594 2766 684 2817 mente
695 2760 844 2839 praeditus,
858 2762 961 2819 crearit
1048 2760 1139 2817 Demo
1154 2761 1281 2832 agnoscit
1294 2752 1452 2835 perfectum.

208 2854 322 2925 propter
336 2848 454 2922 gloriam
468 2866 556 2921 suam,
573 2866 621 2905 seu
636 2865 733 2907 amore
747 2850 799 2905 sui.
1003 2848 1136 2920 Quisquis
1154 2849 1388 2923 contemplatione
1407 2852 1588 2923 perfectionis
1601 2854 1715 2915 dirime
1744 2878 1810 2922 non

162 2941 238 2997 Deus
262 2937 355 2995 omnia
379 2936 482 2994 creavit
509 2936 659 2994 secundum
678 2937 831 2995 mammam
851 2938 960 2995 limmo-
1046 2937 1207 3011 delectatur,
1223 2936 1247 2992 is
1262 2938 1351 2994 Deum
1365 2954 1423 2995 uon
1436 2944 1524 2999 amat.

205 3026 280 3083 niam
295 3026 352 3081 sire
367 3024 597 3098 pulchritudinem
612 3025 783 3099 possibilem.
1003 3024 1104 3082 Otuuea
1123 3030 1264 3082 creaturae
1285 3024 1409 3082 serrium
1422 3027 1548 3087 feliciae
1561 3046 1611 3088 sen
1623 3032 1733 3105 gloriae
1755 3036 1806 3095 nu·

161 3116 237 3171 Deus
252 3118 328 3171 amat
342 3129 446 3169 omnes.
979 3170 983 3199 Ι
1049 3128 1099 3184 pro
1113 3114 1199 3184 gradu
1213 3112 1388 3185 perfeetionis
1402 3129 1476 3171 suaa.

160 3203 236 3261 Deus
251 3201 379 3258 erunibus
393 3200 503 3277 prodest
518 3202 652 3272 quantum
665 3197 795 3273 possibile
809 3204 860 3255 est.
978 3202 983 3309 q
1001 3200 1133 3273 Quisquis
1154 3200 1279 3257 felicitati
1293 3201 1345 3257 Dei
1360 3202 1444 3258 servit
1458 3207 1567 3277 praeter
1579 3220 1664 3265 mam
1682 3212 1803 3270 vonna.

160 3290 257 3363 Neque
275 3290 370 3347 odium
384 3306 472 3363 neque
485 3289 527 3344 ira
541 3303 629 3360 neque
643 3287 734 3344 tristia
748 3302 838 3361 neque
852 3286 957 3344 inuidia
1046 3291 1114 3361 tem,
1130 3288 1153 3342 is
1167 3288 1258 3344 &nm
1272 3303 1328 3345 nou
1342 3294 1427 3345 amat.

205 3379 236 3435 in
247 3378 336 3435 Dcunr
346 3378 428 3435 cadit.
606 3412 610 3419 -
1000 3375 1130 3447 Quisquis
1144 3376 1302 3432 felicitatem
1322 3391 1401 3432 suam
1419 3374 1533 3435 eollomt
1551 3376 1583 3435 iu
1596 3381 1746 3443 relatione
1758 3386 1804 3445 m.

160 3466 235 3525 Dem
248 3470 324 3522 amat
338 3466 436 3537 arnan,
451 3480 499 3519 seu
516 3466 639 3519 aetantes
654 3461 705 3516 sui.
1043 3464 1126 3519 vinae
1140 3463 1287 3537 felicitatis,
1303 3465 1327 3520 is
1343 3481 1381 3537 se,
1397 3464 1421 3520 is
1434 3465 1544 3523 demum
1556 3466 1652 3527 Deum
1667 3479 1756 3529 mr.

159 3554 235 3613 Deus
259 3560 335 3610 amat
367 3557 472 3609 mentes
498 3567 549 3623 pro
575 3550 754 3623 proportione
778 3550 956 3624 perfectionis
998 3550 1052 3616 Qui
1067 3552 1157 3606 &orn
1172 3556 1261 3625 amat,
1278 3551 1381 3608 discere
1395 3558 1511 3610 conatur
1523 3553 1584 3624 ajm
1598 3556 1781 3619 rolmtatem

203 3659 288 3717 quarn
302 3643 399 3713 cuique
412 3653 506 3697 earum
522 3636 606 3693 (ledit.
998 3639 1051 3705 Qui
1066 3639 1154 3696 Deum
1171 3644 1258 3713 amat,
1272 3639 1331 3709 qius
1347 3639 1484 3697 voluntati
1497 3641 1602 3703 obeffit.

159 3730 294 3787 Perfectio
309 3727 438 3801 universi,
452 3741 500 3782 scu
514 3724 658 3783 hamtonia
673 3739 765 3779 rerum
780 3740 837 3781 non
851 3726 956 3797 patitur
974 3768 977 3777 .
997 3727 1052 3793 Qui
1067 3727 1155 3783 Deum
1170 3732 1255 3798 amat,
1270 3732 1347 3783 aurat
1361 3742 1466 3785 omnes.

203 3836 298 3875 omnes
314 3822 419 3871 ruentes
434 3832 494 3872 esse
508 3829 594 3886 aeque
607 3814 749 3885 perfectas.
997 3815 1127 3886 Quisquis
1142 3820 1183 3873 eet
1199 3815 1316 3888 sapiens,
1331 3820 1408 3871 amat
1421 3831 1529 3873 ornnes.

159 3906 291 3971 Quaestio
304 3921 353 3959 cur
368 3904 441 3959 Deus
455 3902 518 3957 hnic
533 3902 617 3956 rrrerrti
633 3900 694 3973 plus
709 3915 791 3971 quam
802 3899 881 3955 alteri
893 3917 955 3973 pcr-
973 3934 976 3953 .
998 3896 1145 3977 (Quisquis
1159 3908 1202 3959 est
1216 3904 1326 3975 sapiens
1340 3909 1415 3960 amat
1430 3902 1549 3977 onrnea)

204 3992 330 4049 fectionis
345 3991 458 4062 (tulerit,
474 3994 565 4044 estex
580 4005 695 4045 numero
709 3987 900 4060 quaestionum
912 3989 954 4043 in·
973 3958 976 4021 !
997 3990 1094 4044 Omnis
1108 3992 1218 4063 sapiens
1234 3991 1362 4047 omnibus
1377 3992 1508 4064 prodesse
1521 3998 1652 4052 conatur.

203 4081 312 4153 animo,
329 4085 359 4135 ut
373 4080 396 4134 si
412 4095 526 4151 quaeras
540 4080 633 4132 utrum
651 4093 698 4149 pes
712 4076 750 4131 sit
760 4075 837 4144 justo
852 4075 951 4149 major,
972 4032 975 4101 1
996 4077 1095 4132 Omnis
1110 4079 1220 4151 sapiens
1235 4079 1327 4134 multis
1343 4078 1462 4151 prodest.

202 4185 239 4222 an
254 4169 359 4224 calceus
370 4168 467 4240 perlem
482 4181 580 4235 urgens
591 4164 667 4234 justo
684 4163 782 4219 minor.
996 4166 1093 4221 Omnis
1108 4167 1215 4237 sapiens
1227 4166 1286 4221 Deo
1300 4166 1405 4223 amicus
1417 4172 1468 4222 est.

202 4258 294 4326 Atque
314 4255 365 4311 hoc
385 4260 426 4310 est
449 4269 595 4322 arcanum,
621 4251 698 4320 cujus
714 4251 849 4321 ignoratio
864 4254 952 4306 totam
996 4252 1094 4307 Omnis
1108 4254 1159 4308 Dei
1175 4254 1280 4308 arnieus
1295 4259 1336 4309 est
1347 4253 1422 4309 felix.

201 4343 356 4398 doctrinam
369 4343 403 4398 de
417 4341 667 4414 praedestinatione
679 4345 707 4396 et
717 4339 827 4409 justitia
840 4339 891 4394 Dei
902 4338 952 4395 ob·
995 4341 1058 4405 Quo
1072 4341 1134 4412 quis
1146 4341 1299 4413 sapientior
1312 4341 1363 4396 lroc
1379 4341 1485 4399 felicior
1500 4340 1529 4397 in
1544 4346 1676 4416 potentia
1691 4347 1758 4421 pari.

204 4431 359 4487 scorciarit.
995 4428 1093 4483 Omnis
1108 4430 1217 4502 sapiens
1231 4434 1274 4484 est
1286 4428 1386 4497 iustus.

156 4518 209 4583 eri
227 4520 287 4575 Deo
302 4536 358 4574 non
372 4516 483 4587 obedit,
499 4532 553 4570 non
569 4522 610 4571 est
624 4516 728 4572 airricus
741 4513 793 4568 Dei
996 4516 1093 4571 Omnis
1106 4516 1199 4586 justus
1212 4519 1254 4572 est
1269 4517 1344 4573 felix.

156 4608 211 4671 Qui
226 4608 286 4663 Deo
301 4606 396 4663 obedit
411 4610 494 4679 metu,
511 4604 633 4661 noudum
648 4608 691 4660 est
706 4601 808 4659 eunicus
824 4601 885 4658 Dei.
