3712 5842
630 339 755 421 xxm·
772 340 1055 400 nuncuuruuns
1076 341 1242 400 tomeun.
1690 335 1753 403 101

118 486 227 554 quatur,
251 479 580 556 excessurus,
604 481 909 552 u(velo)ACetiam
933 534 936 571 ι
960 483 1103 557 arunt20,
1127 482 1298 538 summa30.
1332 483 1752 560 Sedtumenetplurescrnnl,

119 571 167 625 iste
189 569 302 626 valebit.
933 582 936 611 ¹
958 573 1092 629 sumendo
1113 588 1164 644 pro
1185 570 1419 644 propositionibus
1433 572 1613 628 inferentibus
1639 590 1695 646 eas,
1716 590 1753 632 ex

160 657 212 712 20.
234 658 375 714 Habemus
396 657 459 713 hinc
480 656 578 714 modos
603 657 643 713 10
666 672 703 714 ex
725 659 811 731 reg.l
831 663 861 714 et
879 658 908 716 2.
933 635 935 693 Ι
958 662 1058 732 quibus
1078 660 1155 733 ipsae
1176 663 1333 732 sequuntur,
1356 659 1386 715 id
1407 664 1449 716 est
1464 660 1625 735 simpliciter
1640 679 1752 719 conver·

120 745 160 799 Fur
180 746 304 817 quolibet
318 747 416 802 borum
432 747 501 802 fiunt
516 747 572 802 duo
588 762 638 819 per
652 747 905 822 regressumsdum,
932 708 1010 821 isus.
1054 748 1124 804 Gum
1150 764 1217 804 vero
1239 763 1336 804 revera
1360 764 1419 804 non
1444 749 1499 804 nisi
1522 749 1561 804 24
1586 750 1664 806 modi
1685 751 1752 807 den·

120 834 241 905 negando
263 835 467 891 conclusionem
488 838 517 890 et
537 834 702 891 affirmamo
723 850 808 891 unam
830 851 907 907 prus·
931 824 934 917 i
958 842 1011 910 tur,
1034 841 1066 892 nt
1088 837 1157 891 alins
1179 835 1363 909 ostendimus,
1386 836 1449 894 ideo
1471 854 1580 894 necesse
1601 843 1660 913 eut,
1682 856 1753 896 non·

120 921 272 997 misarum,
296 923 450 980 affirmatur
470 924 566 979 altera
604 923 850 997 indepraeterbos
864 923 903 979 lu
929 940 933 984 l
957 925 1048 982 nullos
1071 925 1114 982 bis
1136 939 1284 980 uootnrere.

969 1234 1105 1242 0---0--0—

838 1511 1009 1603 XXllI.

438 1685 1025 1779 DIFFICULTATES
1066 1686 1422 1802 QUAEDAM

615 1876 1244 1998 LOGICAE.

504 2219 666 2275 (oenum
683 2221 950 2279 philosophum
975 2225 1023 2267 ete
1041 2221 1085 2266 ed.
1107 2221 1212 2283 ltsspe
1229 2231 1253 2277 p.
1270 2216 1353 2273 blm).

825 2373 1035 2383 m...—

154 2509 333 2566 Dittlcultates
353 2510 488 2583 quaedam
503 2509 608 2583 logicae
629 2509 720 2566 solutu
736 2510 835 2583 dignae
854 2527 900 2568 oc·
924 2544 928 2587 Ι
951 2510 1086 2568 ridentem
1107 2526 1200 2566 sumus
1221 2526 1273 2582 pro
1300 2507 1420 2581 quodam
1447 2509 1537 2579 specie
1558 2510 1638 2567 Entiu
1659 2514 1745 2585 poeri-

122 2603 258 2656 urrerunt.
303 2598 358 2664 Qui
379 2599 424 2674 fit,
447 2600 521 2672 qnod
550 2598 581 2654 in
601 2597 784 2670 singularibus
806 2615 900 2671 proce·
924 2616 927 2725 Ι
950 2599 1024 2673 bilis,
1047 2604 1079 2655 ut
1100 2599 1178 2653 miles
1200 2603 1242 2653 est
1263 2597 1365 2670 species
1386 2597 1515 2672 hominis,
1538 2614 1587 2655 seu
1608 2604 1640 2655 nt
1660 2601 1744 2659 bomo

121 2685 153 2741 dit
171 2687 324 2761 oppositio:
351 2687 476 2743 Petrus
504 2686 693 2761 Apostolus
719 2692 773 2742 est
798 2687 899 2744 miles
950 2692 993 2744 est
1014 2687 1117 2760 species
1139 2686 1277 2758 animulis,
1299 2685 1340 2742 ite
1361 2685 1474 2758 quidam
1488 2687 1572 2744 homo
1586 2687 1743 2765 atriden,

121 2781 146 2830 ct
163 2776 285 2833 Petrus
307 2775 501 2849 Apostolus
527 2791 596 2831 non
618 2779 671 2831 est
692 2774 809 2848 miles,
836 2792 900 2832 cnm
924 2750 927 2815 i
950 2792 1068 2848 veraque
1095 2774 1150 2831 erit
1171 2773 1337 2848 propositio,
1359 2774 1469 2830 etiamsi
1489 2775 1582 2831 nullus
1603 2776 1686 2834 horno
1707 2779 1744 2836 η’-

120 2868 199 2921 umen
220 2868 379 2938 opponatur
404 2864 475 2920 alias
501 2862 663 2919 universalis
684 2863 850 2919 affirmative
871 2868 900 2920 et
924 2832 927 2923 i
950 2863 1017 2920 dens
1038 2864 1148 2919 exntat
1183 2864 1255 2920 Sane
1276 2862 1417 2919 conversio
1438 2880 1458 2919 s
1478 2879 1523 2919 me
1541 2864 1745 2925 demonstretur

65 2966 69 3009 l
119 2953 278 3024 prrb’mluris
303 2953 450 3025 negativat
483 2953 530 3008 An
551 2951 671 3008 dicemus
696 2951 835 3024 unguere
856 2967 901 3008 ae·
924 2950 926 3037 l
950 2944 1444 3026 perSyllugismnmtsrtiaefignrae.
1485 2952 1603 3009 Omnis
1621 2953 1744 3013 riduns

65 3022 67 3057 ¹
118 3043 244 3113 quivelere
265 3041 425 3115 particulari
447 3044 476 3097 et
491 3039 655 3096 universalit
677 3040 769 3096 Recte.
804 3040 900 3112 ltaque
924 3042 926 3083 ;
950 3040 1144 3097 estridens.
1182 3038 1433 3096 Omnisridens
1449 3041 1622 3098 esthemo.
1649 3043 1743 3117 Ergo

65 3158 67 3165 ·
117 3134 223 3186 etcum
250 3129 396 3200 objicietm
422 3130 559 3202 singulare
584 3127 755 3200 aequivalere
781 3129 900 3202 porticu·
924 3126 926 3203 l
949 3127 1092 3201 qnidam
1117 3128 1215 3184 homo
1243 3132 1295 3185 est
1322 3126 1457 3202 ridens,
1487 3129 1613 3202 intelligo
1643 3131 1675 3187 in
1701 3149 1743 3190 re·

117 3218 167 3292 luri,
189 3219 258 3291 quia
279 3219 310 3274 in
332 3218 415 3274 tertis
436 3219 522 3290 figura
548 3216 687 3273 conclusio
714 3217 814 3273 debent
840 3234 899 3273 esse
923 3206 926 3227 ¹
949 3217 1031 3289 gione
1052 3217 1186 3289 ldeurum,
1208 3216 1239 3272 si
1258 3214 1381 3273 ridens
1401 3222 1526 3273 snmntm
1552 3235 1603 3291 pro
1624 3219 1743 3293 hominis

114 3307 278 3378 prrtioularis
300 3311 329 3363 ut
349 3307 437 3380 possit
455 3311 549 3362 minen
569 3320 630 3362 esso
648 3305 793 3378 singularis
814 3303 856 3378 (v.
871 3323 897 3378 gs
949 3305 1040 3377 specie
1062 3321 1119 3361 non
1140 3322 1191 3379 pro
1212 3305 1351 3361 ridente
1377 3305 1518 3361 actuali.
1562 3308 1742 3381 syllogismus
1849 3328 1852 3333 ·

113 3397 217 3452 omnis
238 3396 400 3452 scribens
426 3395 612 3465 esthemo,
639 3392 781 3465 quidum
808 3393 899 3449 scri·
949 3393 994 3448 bic
1021 3393 1053 3447 in
1077 3393 1229 3466 Dnrnpti
1261 3393 1443 3449 demonstrari
1469 3397 1560 3467 potest
1588 3412 1625 3451 ex
1651 3397 1742 3470 primo

112 3483 188 3540 bens
215 3489 270 3540 est
292 3483 418 3540 Petrus
438 3483 645 3555 Apostolus,
675 3497 755 3554 ergo
776 3482 899 3538 Petrus
923 3518 925 3549 ς
950 3498 999 3554 per
1020 3498 1185 3555 regressum,
1208 3497 1257 3537 seu
1277 3479 1347 3536 nibil
1368 3480 1444 3536 aliud
1465 3483 1631 3539 assumendo
1657 3500 1741 3557 quum

111 3573 298 3647 Apostolus
324 3575 377 3627 est
404 3563 521 3647 homo)
541 3570 728 3643 respondebo,
750 3569 900 3626 uornlusio·
923 3554 925 3619 i
951 3571 1024 3642 lege
1045 3570 1266 3643 oppositionum,
1293 3568 1359 3624 dnm
1380 3568 1482 3625 seilicet
1502 3574 1626 3627 sumatur
1651 3572 1741 3642 Syllo·

109 3677 165 3718 sem
186 3677 286 3720 revera
313 3642 374 3716 mse
393 3659 585 3732 particularem
606 3663 635 3715 et
653 3658 766 3731 perinde
786 3675 845 3714 esse
867 3675 899 3714 sc
923 3640 925 3747 Ξ
949 3658 1053 3730 prmus
1073 3658 1104 3714 in
1126 3659 1265 3732 primast
1291 3656 1439 3712 assumitur
1463 3657 1666 3715 conclusionem
1688 3661 1740 3717 inl·

109 3749 386 3822 sleondmiseemus,
409 3748 549 3820 quidam
564 3748 689 3803 Petrus
709 3747 898 3819 Apostolus
923 3764 925 3817 l
949 3762 1010 3800 sem
1023 3763 1082 3803 esse
1096 3751 1124 3802 et
1138 3763 1223 3803 unam
1236 3744 1445 3819 praemissarum
1460 3762 1519 3800 esso
1532 3762 1635 3802 veram
1668 3748 1741 3806 Hinc

108 3843 150 3894 est
176 3839 294 3908 bomo,
329 3852 406 3892 nam
433 3837 572 3910 qnidam
597 3836 719 3891 Petrus
745 3835 895 3907 Aposto·
922 3820 925 3903 i
948 3835 1070 3906 sequitur
1083 3835 1198 3893 alterum
1212 3833 1422 3908 praemissarum
1436 3850 1496 3888 esse
1511 3833 1617 3891 falsam.
1643 3835 1740 3894 Fulsee

108 3925 153 3983 lus
186 3931 222 3982 et
250 3925 364 3981 omnis
390 3925 515 3981 Petrus
541 3924 735 3996 Apostolus
766 3922 898 3979 coinci·
948 3927 1041 3979 nutem
1063 3923 1231 3980 conclusioni
1252 3921 1380 3996 opposita
1400 3925 1442 3977 est
1462 3937 1536 3978 vera

108 4014 202 4087 dunt,
224 4014 293 4088 quia
315 4014 448 4069 terminus
469 4017 511 4069 est
531 4012 687 4085 singularis.
991 4011 1076 4083 leges
1114 4017 1207 4068 nutem
1225 4008 1443 4084 suppositionum
1476 4009 1633 4082 primitivae
1665 4017 1737 4070 snut

141 4102 240 4173 btnjur
261 4103 328 4158 ineu
349 4107 392 4159 est
413 4102 573 4173 difficultas,
595 4099 669 4172 qnod
691 4098 833 4155 conversio
854 4115 897 4156 ie-
920 4102 924 4172 (
947 4098 980 4154 V.
1003 4117 1029 4170 g.
1057 4100 1169 4155 omnis
1196 4101 1294 4155 homo
1326 4103 1380 4155 est
1405 4097 1545 4155 animal,
1592 4100 1664 4158 Huic
1691 4100 1738 4171 ajo
1790 4132 1792 4137 ·

106 4198 177 4266 ψ
200 4190 312 4248 videtur
331 4190 480 4263 aliquando
501 4189 629 4245 inducere
646 4188 769 4259 >tulsum,
797 4203 896 4260 nempe
920 4178 923 4245 Ξ
946 4186 1066 4260 opponi:
1087 4187 1227 4258 quidam
1241 4188 1338 4245 horno
1353 4187 1643 4245 nonestanimal.
1665 4188 1738 4247 Nam

106 4280 244 4337 musio
270 4295 321 4351 per
342 4279 466 4336 accidens
486 4276 649 4334 universalis
674 4275 839 4332 uffirnrutive
864 4275 895 4331 in
946 4275 1057 4332 omnis
1084 4276 1184 4332 homo
1211 4281 1264 4332 est
1292 4275 1422 4332 animal
1444 4275 1519 4332 idem
1545 4281 1588 4332 est
1614 4277 1688 4348 quod
1709 4279 1737 4335 A

106 4368 240 4440 mmli,
256 4368 369 4423 omnis
389 4367 507 4423 ridens
528 4352 582 4423 est
599 4366 712 4437 bomo,
728 4380 810 4436 ergo
824 4364 896 4436 qoi-
944 4365 1028 4421 bomo
1049 4368 1091 4419 est
1111 4364 1230 4438 ammai,
1258 4365 1282 4420 B
1303 4364 1387 4421 homo
1407 4368 1449 4420 est
1470 4364 1589 4440 animal,
1611 4365 1633 4420 C
1653 4365 1737 4424 bomo

106 4455 173 4513 dem
195 4457 302 4513 homo
323 4461 376 4512 est
395 4455 529 4525 ridens3
557 4470 624 4510 nam
650 4454 727 4527 prior
751 4468 818 4509 vera
842 4456 894 4526 ost,
919 4448 922 4483 ÷
943 4452 1111 4510 estanimal
1132 4458 1161 4509 et
1182 4452 1405 4524 itaincaeteris3
1427 4453 1616 4525 etquidem
1637 4454 1737 4513 homo

105 4543 207 4602 et‘nmsi
230 4544 323 4600 nnllns
337 4545 420 4601 bomo
433 4543 541 4616 rideret,
565 4546 596 4598 nt
609 4541 744 4615 posterior
757 4557 815 4598 uon
829 4557 895 4597 vera
944 4558 1013 4597 non
1033 4546 1087 4598 est
1106 4541 1252 4615 animal,
1274 4541 1344 4598 nihil
1362 4539 1441 4597 uliud
1455 4541 1523 4598 dicit
1543 4558 1628 4616 quam
1641 4544 1665 4601 B
1678 4560 1736 4601 non

106 4646 154 4689 surr
175 4637 235 4706 est,
264 4632 320 4687 nisi
346 4632 446 4705 uliquis
472 4633 556 4688 homo
583 4634 645 4687 actu
672 4631 769 4686 rideat
813 4629 894 4686 Prior
943 4647 1002 4686 esse
1023 4629 1128 4687 annu
1150 4630 1195 4686 vel
1215 4629 1321 4703 aliquid
1335 4631 1398 4686 tale.
1435 4629 1531 4703 ltaque
1545 4636 1735 4705 opponuntur:

107 4720 222 4796 loquitur
253 4720 288 4776 de
310 4720 492 4793 possibilibus,
515 4719 652 4792 posterior
672 4719 707 4775 de
728 4719 892 4775 actualibus.
916 4666 920 4771 i
943 4718 1177 4775 omnishomo
1198 4723 1251 4775 est
1268 4718 1400 4776 animal
1420 4724 1455 4775 ot
1475 4719 1615 4792 quidam
1635 4720 1734 4779 bomo

106 4809 137 4865 lu
156 4827 217 4866 non
239 4809 359 4865 uoumn't
379 4809 525 4864 difficultas
552 4805 695 4864 similissi
722 4823 834 4863 maneas
861 4806 891 4861 in
944 4823 1011 4862 non
1042 4810 1096 4862 est
1127 4807 1266 4864 animal
1316 4807 1362 4864 Sic
1389 4811 1580 4881 opponuntur:
1614 4808 1734 4865 nullus

107 4899 223 4956 luminis
251 4898 438 4971 possibilium,
466 4913 492 4952 v.
522 4915 548 4970 g.
578 4896 689 4953 omnis
714 4896 813 4952 homo
839 4899 893 4953 est
943 4894 1042 4951 homo
1069 4899 1123 4951 est
1147 4896 1238 4970 lapis
1264 4900 1298 4952 et
1323 4894 1463 4967 quidem
1488 4896 1590 4952 bomo
1611 4899 1663 4951 est
1683 4898 1734 4955 lo·

107 4988 245 5059 animal,
266 5003 348 5059 ergo
368 4986 536 5059 quoddam
559 4985 690 5041 animal
711 4984 893 5040 esthemo.
943 4983 1011 5056 pis3
1032 4999 1098 5040 nam
1118 4986 1236 5042 nullus
1255 4985 1353 5041 homo
1374 4989 1427 5040 est
1447 4984 1539 5057 lupis
1559 4983 1734 5056 ominata

107 5074 254 5133 Dktndnm
268 5092 334 5148 ergo
348 5074 560 5146 conclusionem,
576 5073 826 5145 quidambomo
840 5075 893 5129 est
916 5094 919 5171 1
943 5071 1027 5127 horno
1048 5088 1106 5131 non
1132 5079 1175 5130 est
1195 5073 1280 5148 lapis,
1302 5072 1327 5128 B
1347 5073 1431 5128 bomo
1457 5088 1514 5128 non
1535 5075 1578 5128 eet
1598 5072 1682 5148 lapis,
1710 5075 1733 5130 G

107 5166 232 5238 ridens,
256 5181 316 5221 esse
337 5179 433 5220 veram
454 5163 485 5219 in
510 5163 621 5237 regione
641 5162 777 5235 lucrum,
798 5160 893 5220 scusi
944 5159 1027 5218 bomo
1048 5177 1107 5219 non
1128 5167 1171 5220 est
1197 5161 1268 5237 lupis
1295 5165 1344 5220 etc.
1393 5160 1468 5233 Ergo
1495 5158 1565 5217 auo
1591 5165 1634 5218 est
1653 5162 1730 5219 telis:
