3706 5828
103 322 149 387 20
648 327 683 386 ll
709 327 761 385 DE
774 327 875 413 ARTE
888 324 1176 385 conmmnronm

157 477 186 530 et
204 473 370 528 theoremata
390 473 542 543 praestare,
565 468 647 526 nobis
666 468 703 526 ad
722 468 780 524 alia
798 485 896 543 prope-
946 467 1052 542 metio,
1067 468 1117 541 vis,
1133 466 1238 540 aeder,
1253 466 1368 538 vulnus3
1382 482 1473 540 noxa,
1488 467 1541 524 lruc
1555 468 1686 541 temporis

157 560 282 618 rantibus
296 560 363 615 satis
377 563 418 614 eet
432 559 521 632 prium
536 558 703 614 lincamenta
716 557 827 613 duxisse
840 562 897 613 tra·
945 562 975 613 ct
987 557 1042 612 loci
1055 555 1267 627 circumstantia,
1282 557 1334 612 trae
1348 555 1519 612 differentiae
1529 556 1627 629 itidem
1640 575 1687 630 pe·

158 649 286 706 ctaticnis
305 649 341 704 de
359 648 489 704 Tertor-is
513 647 644 703 tracterrus
668 648 725 702 t'ere
749 646 895 718 neglectae.
946 646 1046 702 tendae
1060 662 1096 701 cs
1110 645 1244 719 physicis,
1258 660 1313 716 qua
1327 645 1458 700 morales:
1478 644 1518 700 ita
1531 650 1597 701 suut
1609 651 1687 702 aetra

158 739 280 794 Decebat
294 739 408 793 tortasse
423 735 575 793 docuinam
588 737 659 792 lranc
672 734 809 790 illrutrare
822 735 897 789 sdic·
946 733 1104 808 spontanei,
1124 732 1228 806 coacti,
1248 734 1401 806 neemarii,
1416 733 1513 804 inisti,
1533 733 1687 805 significau-

159 826 288 898 matibus,
302 826 352 881 sed
370 825 553 898 intelligentes
571 840 628 880 non
648 822 825 895 indigebunt,
846 821 897 876 im·
947 827 998 895 tes,
1012 839 1071 878 non
1089 821 1285 894 agamenes,
1304 823 1377 878 inter
1390 821 1572 895 significantes
1592 823 1686 894 verba,

159 915 250 989 periti
265 914 306 970 uti
320 913 379 970 lieri
392 913 471 987 solet,
491 930 542 969 nec
561 911 712 984 intelligere
726 910 797 966 tanti
817 910 898 966 aesti-
947 911 1070 982 consilia,
1085 910 1225 982 mantiam,
1240 914 1392 983 praecepta,
1407 909 1627 983 pollicitationes,
1642 928 1688 967 ac·

109 1005 283 1067 39nrabunt
313 1001 428 1057 Vlllvns
442 1002 515 1057 Usus
528 1006 571 1057 est
591 1001 622 1057 in
635 999 743 1057 casibm
761 999 835 1072 apud
850 999 898 1054 Ju-
948 999 1123 1072 captaticues,
1138 998 1317 1054 conditiones.
1347 1000 1422 1054 Haec
1436 998 1526 1054 omnis
1540 1000 1688 1056 vcrbcnrm

158 1092 326 1148 recinsultcs
341 1091 499 1147 formandis.
532 1089 628 1162 Neque
641 1088 717 1144 eninr
730 1104 837 1161 eempm
850 1102 899 1142 ex·
949 1088 1066 1144 varietas
1081 1091 1110 1143 et
1123 1086 1313 1160 mtcnnetatic
1326 1104 1364 1143 ex
1374 1086 1575 1142 Grammaticis.
1602 1088 1687 1144 Deni-

159 1181 337 1254 spectandum
350 1183 393 1236 eet
405 1179 550 1252 praecipue
563 1176 720 1250 legislatori,
741 1176 808 1232 dum
821 1191 899 1232 mstis
948 1191 1003 1249 que
1015 1181 1092 1232 actus
1105 1181 1169 1231 sunt
1183 1176 1228 1232 vel
1243 1175 1315 1244 juris
1334 1177 1462 1231 effectrmr
1482 1176 1621 1249 habentes,
1641 1176 1687 1235 vel

159 1272 295 1340 emergat,
314 1272 343 1324 ct
358 1267 470 1337 majoris
484 1271 526 1323 eet
543 1265 704 1340 prudentiae
723 1264 795 1338 leges
814 1280 899 1336 quam
948 1281 1007 1321 non
1020 1265 1165 1336 habemas,
1179 1269 1209 1320 et
1221 1263 1264 1320 illi
1277 1264 1388 1336 quidun
1407 1263 1545 1337 pertinent
1564 1265 1601 1320 ad
1615 1269 1688 1321 eata·

160 1357 281 1413 maxime
294 1357 376 1412 initio
384 1356 444 1412 sine
453 1355 528 1411 titiis
539 1372 649 1428 ponere,
659 1369 744 1426 quam
753 1352 899 1410 restrictio·
949 1355 1044 1426 logum
1053 1353 1160 1423 jurium
1173 1369 1244 1425 quae
1258 1353 1389 1425 affimant,
1404 1353 1433 1409 lri
1444 1368 1481 1409 ex
1490 1351 1609 1424 politicis
1618 1353 1688 1410 etlri·

160 1462 224 1503 nem
238 1462 271 1501 ac
284 1444 481 1501 conecticnem
499 1446 626 1501 fortunae
645 1441 824 1499 corruerem.
860 1440 900 1497 ut
949 1442 1041 1514 cisque
1054 1441 1168 1498 uberius
1179 1442 1365 1497 enumerandi.
1408 1440 1577 1497 Junlum
1590 1441 1737 1504 itidcmtt

160 1539 280 1607 meam,
299 1549 360 1589 rem
374 1532 551 1601 judiciariam
569 1532 600 1587 in
619 1531 741 1604 qnalibet
759 1529 899 1604 republica
950 1531 1150 1587 mamerandae
1168 1531 1214 1586 vel
1237 1530 1339 1603 speeies
1359 1529 1405 1585 ecl
1429 1529 1608 1588 differerrtiac.
1650 1532 1688 1586 Et

160 1623 213 1678 hcc
234 1621 412 1678 constitutam
438 1638 496 1678 cese
520 1620 633 1693 melius,
663 1636 719 1692 quc
743 1618 834 1675 minus
857 1622 899 1674 est
948 1621 1000 1676 bae
1014 1619 1126 1692 quidem
1139 1623 1204 1674 sunt
1217 1635 1243 1673 v.
1258 1637 1283 1691 g.
1308 1618 1402 1690 realia,
1422 1619 1589 1691 personalia,
1608 1635 1687 1692 prta,

161 1710 191 1766 in
224 1710 340 1767 arbitrio
361 1709 471 1779 judicis
517 1710 617 1766 Plato
642 1708 690 1766 lib.
721 1708 750 1762 9.
775 1709 810 1764 de
834 1707 898 1779 leg.
949 1708 1044 1781 (lina,
1064 1723 1209 1782 sisprcnsm
1230 1707 1346 1764 mobilia
1364 1707 1410 1762 vel
1428 1723 1560 1779 personae
1578 1713 1627 1764 aut
1645 1708 1688 1765 rei

160 1798 266 1854 Arist.
285 1797 570 1855 l.Rtret.ltlenoch.
597 1796 780 1853 Arbitriud.
799 1796 848 1852 lib.
872 1796 899 1851 1.
949 1798 1099 1853 attinacte.
1128 1795 1234 1869 Species
1262 1812 1289 1851 v.
1309 1815 1334 1869 g.
1360 1794 1522 1868 dominium,
1545 1795 1688 1870 uratum,

110 1891 150 1945 to
160 1903 281 1961 prccmr.
301 1904 329 1943 n.
348 1888 374 1942 l.
395 1887 483 1944 Porro
496 1903 541 1942 ars
560 1902 673 1942 omnum
692 1885 899 1941 formandorum
950 1885 1032 1957 utile,
1051 1885 1184 1957 servitus,
1203 1883 1297 1956 realis,
1314 1884 1485 1957 personalis,
1511 1887 1687 1958 remuneras,

161 1975 292 2032 tundatur
305 1976 336 2032 in
350 1973 475 2032 doctrina
492 1978 588 2031 nostra
602 1974 637 2031 dc
654 1973 898 2047 complexionibus.
949 1991 1024 2047 usus,
1034 1973 1195 2048 proprietas,
1203 1971 1251 2042 jus
1262 1972 1427 2047 possidendi,
1437 1973 1613 2045 usucapiendi
1624 1991 1689 2048 ccu7

159 2063 378 2138 Jurispmdentia
391 2063 466 2120 enim
480 2080 542 2119 cum
557 2062 586 2117 in
605 2062 667 2118 aliis
681 2061 846 2136 geometriae
862 2061 899 2116 si-
950 2063 1028 2119 ditic.
1053 2063 1188 2135 Potestas,
1204 2061 1337 2134 obligatio
1352 2057 1454 2131 (active
1467 2063 1582 2132 sumta).
1607 2062 1689 2121 Pote-

160 2152 234 2209 mnis
253 2157 303 2225 est,
324 2156 384 2208 tum
402 2153 433 2208 in
452 2153 504 2208 hcc
522 2151 597 2223 quod
615 2155 730 2224 utraque
749 2150 833 2207 babet
846 2151 899 2206 ele·
949 2157 1006 2207 stas
1020 2150 1261 2222 administratoria,
1275 2150 1401 2222 rectoria,
1416 2149 1583 2207 coercitcria.
1615 2152 1689 2208 ‘lirin

160 2245 262 2312 menta,
277 2246 392 2314 unaque
405 2256 491 2297 cesus.
520 2240 662 2295 Elementa
676 2243 741 2294 sunt
753 2239 898 2312 simplicia,
949 2244 1026 2296 actus
1036 2239 1181 2310 judiciales
1194 2239 1279 2294 sumti
1293 2255 1344 2312 pro
1358 2232 1423 2308 jine
1436 2238 1466 2295 iri
1485 2239 1599 2313 agendie
1619 2241 1688 2297 tales

161 2330 192 2386 in
205 2329 355 2401 geometria
368 2330 469 2402 figurae
482 2328 642 2401 triangulus,
663 2327 787 2400 circulus,
803 2332 853 2384 etc.
868 2327 899 2382 in
949 2333 1027 2384 sunt:
1042 2328 1200 2402 postulatio,
1219 2343 1269 2385 scu
1284 2327 1331 2397 jus
1349 2328 1507 2401 exponendi
1525 2328 1689 2385 desiderium

160 2417 380 2491 Jurislmdentia
399 2421 488 2491 actus,
510 2416 683 2490 promissum,
703 2416 834 2472 alienatio
848 2418 898 2471 cte
949 2417 980 2473 iu
996 2416 1112 2490 judicic,
1139 2416 1217 2486 arins
1241 2416 1344 2490 species
1362 2433 1413 2490 prc
1439 2416 1545 2473 ratione
1567 2418 1687 2474 ombus:

160 2507 258 2563 Casus:
273 2505 478 2579 complexiones
492 2506 598 2578 horum,
620 2505 668 2577 qui
688 2503 835 2577 utrobique
852 2521 900 2559 va·
950 2508 1031 2580 actio,
1047 2506 1183 2579 exceptio,
1197 2505 1299 2578 replica
1313 2510 1364 2561 ete.
1385 2521 1484 2579 nempe
1504 2505 1535 2561 in
1554 2507 1688 2578 mino,

159 2594 272 2652 riabilee
300 2599 364 2650 sunt
392 2594 530 2650 infinities.
565 2595 708 2650 Elementa
727 2593 900 2650 Geometriae
949 2599 1010 2650 tum
1023 2595 1054 2650 in
1068 2594 1176 2668 scriptis
1189 2597 1239 2650 aut
1257 2593 1327 2649 alias
1345 2598 1425 2649 exea
1444 2594 1609 2666 tenninume
1625 2613 1689 2669 sup

160 2683 315 2758 composuit
335 2683 513 2757 Euclides,
538 2684 675 2742 elementa
691 2681 763 2750 juris
788 2683 820 2738 iu
840 2681 899 2751 ejus
949 2684 1061 2757 plicatio
1075 2699 1126 2756 pro
1141 2682 1315 2756 impetranda
1328 2682 1458 2739 citatione
1472 2699 1523 2756 pro
1537 2684 1688 2741 monitorio

161 2773 282 2846 Contere
297 2771 737 2844 eontinentur,utrobiquetamen
750 2771 900 2828 adrrriscen-
950 2776 1001 2829 eta
1030 2772 1139 2828 Jurium
1157 2775 1251 2828 autem
1269 2771 1408 2843 catalogus
1426 2787 1463 2826 ex
1476 2772 1689 2847 sclaJrrrispu·

161 2865 208 2916 tur
221 2877 299 2916 casus
313 2860 485 2932 insigniores.
518 2860 663 2916 Temrincs
676 2865 770 2916 autem
790 2858 900 2928 injure
951 2860 1046 2917 dcntia
1070 2860 1196 2916 suuntur.
1234 2859 1294 2917 Nos
1318 2860 1363 2916 hic
1387 2859 1480 2916 festini
1503 2860 1633 2934 quicquid
1657 2862 1714 2933 in4
1720 2879 1738 2933 5

162 2949 306 3021 simplices,
322 2965 439 3021 (morum
452 2948 588 3005 mixtione
601 2949 701 3005 caeteri
721 2949 856 3021 crinitur,
871 2951 900 3005 et
950 2954 1072 3006 mentem
1085 2949 1162 3005 verrit
1175 2948 1325 3020 attulimus,
1340 2948 1439 3004 saltem
1452 2953 1484 3005 ut
1496 2965 1575 3006 mens
1595 2957 1689 3007 ncsua

162 3037 240 3110 quasi
255 3037 330 3093 locos
350 3053 516 3110 communes,
537 3053 697 3109 summaque
711 3055 810 3110 genera
824 3037 900 3093 eolli-
950 3038 1160 3112 perspicerem,
1178 3037 1228 3093 alii
1242 3037 1354 3094 termini
1367 3037 1503 3110 simplices
1522 3039 1631 3111 privata
1644 3055 1689 3096 ou·
1750 3101 1754 3107 ,

162 3144 225 3198 gere
238 3124 359 3182 institnit
372 3125 900 3182 Bernharduslravinhetalticoa·
946 3125 1048 3200 jusque
1065 3126 1200 3183 industria
1219 3125 1340 3199 suppleri
1360 3130 1481 3199 possunt.
1520 3127 1575 3184 Sed
1597 3128 1638 3184 ita
1657 3132 1690 3183 ut

162 3214 227 3270 chus
247 3214 352 3270 ordinis
372 3215 512 3271 Mincmm
532 3231 602 3271 com
627 3214 658 3270 in
678 3214 789 3271 Lullii
812 3218 901 3270 artem
951 3233 998 3272 eos
1019 3220 1128 3272 tautum
1150 3218 1237 3288 ponat
1260 3214 1409 3287 ternrincs,
1435 3214 1484 3287 qui
1507 3232 1602 3273 rerem
1624 3221 1691 3272 srmt

112 3314 151 3369 41
163 3318 305 3375 magnam,
320 3319 403 3376 quem
412 3303 483 3359 vide.
512 3303 600 3360 Nobis
611 3303 762 3359 siovisum:
777 3301 901 3359 Termini
950 3304 1096 3377 simplices,
1111 3303 1141 3359 id
1155 3307 1197 3359 est
1210 3319 1327 3375 quorum
1346 3308 1491 3377 conceptus
1505 3321 1542 3361 ex
1560 3305 1623 3361 aliis
1641 3305 1691 3361 bo-

162 3407 280 3464 quorum
293 3392 501 3466 complicatione
520 3391 608 3448 oritur
627 3392 657 3447 in
676 3391 742 3448 Jure
757 3391 900 3447 diversitas
951 3392 1089 3464 megeneis
1109 3408 1167 3448 non
1187 3391 1369 3466 componitur.
1401 3393 1565 3465 Quanquam
1578 3394 1609 3450 in
1623 3393 1691 3450 loeis

162 3486 377 3552 emundarunt:
392 3496 533 3554 personae,
548 3497 600 3553 res,
615 3479 785 3551 actrs,jura.
819 3480 900 3536 Per·
951 3481 1140 3538 communibus
1159 3496 1276 3552 quorum
1295 3481 1527 3554 disponendorum
1544 3482 1691 3539 arducium

161 3584 323 3625 sonarum
337 3585 436 3642 genera
449 3574 514 3625 smrt
528 3575 587 3624 tum
601 3568 750 3640 natmalia,
764 3572 810 3626 ut:
831 3584 899 3641 mas,
951 3570 1123 3644 podssirnum
1142 3570 1195 3625 lmc
1213 3570 1293 3642 rant,
1307 3569 1401 3626 licebit
1419 3570 1552 3626 terminos
1570 3571 1690 3644 mmprle

162 3657 293 3731 t'cernina,
322 3658 566 3730 hermaphroditus,
596 3660 763 3729 monstrum,
793 3658 900 3730 surdus,
951 3676 1004 3715 xes
1022 3658 1192 3733 simplicibus
1212 3658 1292 3714 valde
1316 3658 1421 3715 vicinos
1446 3659 1531 3715 ctiam
1556 3662 1689 3732 anquam

161 3750 262 3819 mutus,
272 3762 375 3819 caccus,
387 3762 476 3820 aeger,
488 3747 612 3818 embryo,
624 3762 699 3819 puer,
707 3744 827 3820 juvenis,
835 3746 901 3801 ado·
951 3748 1116 3822 peculiarem
1130 3746 1242 3803 titulum
1255 3746 1396 3819 collocare,
1411 3765 1437 3802 v.
1452 3765 1478 3820 g.
1491 3749 1690 3821 compensatio·

162 3835 276 3906 lescens,
292 3834 343 3906 vir,
359 3850 453 3908 suren,
474 3840 556 3907 atque
574 3834 645 3892 aliae
665 3834 844 3907 differentiae,
864 3850 900 3890 ex
951 3853 1023 3909 nean,
1042 3854 1113 3910 quae
1131 3836 1305 3908 componitm
1323 3852 1360 3892 ex
1378 3835 1601 3909 obligatione
1619 3836 1690 3894 Titii

162 3923 281 3995 physicis
295 3924 436 3996 petendae,
452 3939 522 3996 quac
535 3923 566 3978 in
576 3922 640 3992 jme
653 3923 780 3979 effectum
799 3923 902 3980 habent
952 3925 1028 3999 Ceio,
1048 3931 1077 3982 et
1096 3923 1128 3993 ej
1136 3924 1253 3982 usdem
1277 3922 1339 3992 caii
1362 3923 1438 3981 Titio
1458 3924 1489 3980 in
1502 3941 1571 3982 rem
1596 3925 1690 3982 divi·

161 4011 320 4084 sprmialem:
350 4011 422 4066 Tum
446 4011 614 4084 artificialia,
645 4011 778 4068 nimirum
802 4029 901 4085 genera
952 4016 1065 4087 duam,
1079 4015 1326 4086 homogeueam
1341 4029 1389 4070 seu
1403 4015 1690 4072 commensurabi-

162 4099 244 4171 vitae,
259 4115 374 4172 oorpcm
388 4116 437 4155 scu
449 4100 567 4173 collegia
586 4105 615 4157 ct
634 4099 745 4156 sinrilia
780 4100 901 4158 Nomina
952 4104 1019 4160 lem
1032 4119 1103 4175 quae
1117 4107 1231 4172 utraque
1251 4101 1462 4158 dissolvitur
1480 4103 1511 4159 in
1524 4119 1690 4160 summam

162 4186 314 4243 ciliciorum
328 4186 380 4243 huc
394 4203 450 4244 uon
465 4188 610 4262 pertinent,
625 4189 690 4261 quia
704 4189 902 4262 complicantur
951 4194 1220 4248 concurrentem
1235 4189 1386 4246 Exhcrunr
1394 4191 1576 4248 terminorum
1583 4192 1689 4266 simpli·
1700 4201 1741 4255 46

111 4291 152 4352 42
162 4290 199 4331 ex
213 4279 348 4347 potestate
361 4278 390 4331 et
410 4275 586 4352 obligatione,
601 4278 649 4334 sed
670 4277 706 4333 ad
722 4276 795 4346 jura
824 4276 902 4334 RES
951 4280 1033 4352 aaa,
1047 4284 1109 4335 tum
1121 4294 1185 4335 cum
1197 4278 1294 4351 seipsis
1307 4279 1453 4352 aliquoties
1471 4280 1607 4354 repetitis,
1628 4286 1689 4337 tum

161 4366 227 4418 sunt
251 4363 381 4436 mobiles,
406 4364 575 4438 immobiles,
604 4365 733 4422 didduae
758 4367 901 4439 (homoge-
951 4385 1014 4424 cum
1027 4367 1099 4440 aliis,
1114 4365 1319 4439 eom2uaticne,
1338 4369 1527 4425 conductione
1539 4374 1590 4425 etc
1610 4375 1640 4426 ct
1657 4370 1688 4427 in

161 4451 244 4520 neae)
264 4451 435 4525 individuae,
455 4454 625 4527 ocrpmales,
650 4454 847 4529 incorporales,
871 4458 901 4509 et
950 4457 1048 4512 eadem
1061 4455 1260 4529 complexione,
1275 4457 1428 4514 variatione
1440 4458 1509 4514 situs
1523 4458 1632 4530 prodire
1646 4477 1690 4515 ‹a-
1764 4455 1768 4464 '

161 4538 319 4611 speciatim:
339 4541 439 4612 Homo,
460 4540 565 4596 aninrm
585 4541 672 4615 dun,
694 4545 791 4615 lerum,
809 4541 901 4599 rabio-
950 4561 996 4600 sus
1011 4561 1096 4618 prope
1108 4544 1232 4600 minitas
1246 4545 1308 4616 quis
1321 4561 1379 4602 non
1393 4545 1484 4602 ridet!
1508 4547 1570 4603 lmc
1583 4547 1632 4619 qui
1645 4564 1690 4604 ac

161 4643 232 4699 sum,
252 4627 383 4700 noxium,
404 4629 506 4702 mnus,
527 4645 607 4702 aqua,
629 4631 738 4705 fundare,
758 4649 836 4688 mare
848 4635 900 4688 etc.
950 4633 1070 4690 acratius
1103 4632 1169 4689 hace
1203 4633 1381 4707 scrutabitur,
1422 4633 1544 4692 inveniet
1581 4637 1690 4707 regulas

161 4716 200 4773 Et
218 4732 314 4774 onmes
333 4717 447 4773 cnmlno
466 4734 509 4774 ree
528 4718 564 4774 dc
583 4716 683 4790 quibus
701 4721 839 4794 peculiare
858 4723 901 4777 est
950 4721 1062 4778 emendi
1077 4737 1155 4776 casm
1167 4720 1367 4794 singrdaricres.
1406 4721 1448 4778 Ac
1461 4741 1513 4780 ncs
1526 4724 1594 4780 talia
1607 4741 1690 4796 quae·

158 4805 213 4874 jus.
258 4805 319 4862 Hae
347 4805 518 4863 ‹bilmantiae
546 4807 680 4879 petendae
707 4825 745 4864 ex
773 4808 900 4882 physicis.
951 4811 1016 4867 dam
1029 4809 1209 4884 concepimus,
1223 4812 1273 4868 scd
1292 4812 1381 4868 adhuc
1399 4811 1582 4885 impoliticra,
1604 4829 1689 4884 quern

111 4892 152 4948 43
162 4894 303 4970 AGTUS
317 4891 361 4963 (a.
376 4909 433 4950 non
446 4898 532 4965 actus,
553 4911 576 4948 s.
595 4887 694 4972 emme)
710 4897 901 4955 ocrsiderandi
951 4904 983 4956 ut
995 4900 1095 4956 atiena
1107 4899 1264 4957 aurlcamus
1292 4901 1347 4958 Par
1360 4901 1549 4974 in'ilreclogia
1559 4902 1738 4960 eramala

161 4998 217 5054 qua
231 4983 381 5039 nanrralcs:
397 4982 438 5038 ita
451 4981 565 5053 nemu,
581 4981 725 5056 irrdividni,
744 4985 902 5058 relinquunt
951 5005 1013 5044 runr
1040 4986 1113 5044 ratio
1141 4991 1192 5059 est,
1222 5006 1300 5062 quae,
1313 4995 1355 5046 eet
1372 4989 1451 5062 qrasi
1470 4989 1690 5062 Jmispmdcntia

162 5053 370 5142 ἀποτέλεσμα
384 5070 429 5130 vcl
441 5074 506 5126 sunt
520 5071 585 5126 tacti
606 5073 788 5145 mamantis,
809 5075 902 5132 deten-
951 5075 1086 5149 quaedem
1099 5075 1233 5150 specialis,
1248 5078 1295 5135 sed
1309 5079 1406 5135 eadem
1419 5079 1632 5148 fundamentalis
1645 5097 1690 5135 ra·

162 5158 202 5215 tio
216 5174 287 5232 quac
301 5163 342 5216 ost
356 5159 497 5218 materiale
512 5160 699 5234 possessionis,
718 5161 839 5236 carneo,
861 5165 901 5220 et-
952 5165 1028 5222 tione
1055 5168 1231 5223 crebrarum
1274 5166 1325 5223 Est
1358 5167 1433 5224 eninr
1461 5167 1537 5225 volut
1563 5168 1690 5226 doctrina
