3712 5842
108 345 172 412 110
618 349 725 407 XXVL
769 348 821 406 DE
841 349 942 406 VERA
969 350 1151 407 Mutuom
1171 355 1222 407 etc.

105 497 153 570 qui
167 510 261 570 parem
274 493 310 549 ad
323 491 497 566 cogitationis
511 491 767 549 armuascrutauda
781 491 895 564 diligen
945 490 1022 562 eijcis
1040 486 1121 549 hodic
1139 491 1188 548 vix
1207 491 1238 547 in
1263 491 1451 565 religiosorum
1474 490 1657 548 oenvcnnbcs
1675 491 1737 548 reli·

105 586 174 642 tiam
187 583 324 654 aclubcat,
339 597 397 637 non
410 598 476 637 mc.
518 581 600 636 Hunc
618 597 676 636 csse
696 583 801 637 tonmm
815 579 896 636 mise-
945 581 1026 652 quiae
1051 580 1098 637 siti
1121 585 1273 636 marcentes
1289 585 1492 637 arnse-rantra.
1541 580 1665 636 Accensa
1688 580 1737 636 hu·

104 674 163 732 riae
176 673 311 728 hnmanae
324 669 399 742 quod
412 669 447 725 de
459 668 557 741 quovis
571 659 663 741 potius
675 685 761 741 quam
775 669 810 726 dc
823 684 897 724 sum-
945 669 1102 726 maniomm
1114 669 1257 724 literamm
1269 669 1329 725 luce
1347 669 1417 724 itam
1431 669 1462 724 in
1481 668 1620 726 cannaria
1637 672 1689 742 est,
1708 673 1738 725 et

106 779 154 819 mo
172 760 246 816 vitae
266 758 425 830 cogitemus,
446 757 677 829 quemadmodum
697 762 833 814 mercator
849 773 897 812 ne-
946 758 980 814 de
999 757 1107 827 syllaba
1125 757 1245 830 quadam
1264 757 1354 813 Plauti
1372 761 1401 813 et
1414 756 1544 829 Appuleji
1558 772 1617 814 non
1631 756 1738 813 minore

106 850 220 924 gligens,
235 847 282 920 qni
303 847 439 920 principio
453 845 614 918 dormitans,
634 849 771 903 crescmte
786 844 849 914 jam
863 845 897 900 li·
946 862 1030 919 quam
1051 846 1086 903 de
1105 845 1305 902 universalibus
1326 850 1355 901 et
1374 844 1477 900 morhli
1498 845 1678 902 distinctione
1695 849 1738 901 tu·

11 941 13 945 ’
106 939 158 996 bru
171 938 321 1008 rationum,
343 935 470 990 ordinem
488 934 629 1007 lucemque
646 933 747 1006 horret,
768 950 897 990 necem
947 935 1036 990 multu
1049 937 1190 991 certam.
1233 932 1312 990 Nunc
1326 934 1428 990 abhoc
1446 948 1555 1006 quoque
1574 934 1676 990 morbo
1695 950 1737 989 sa·

106 1043 155 1083 nes
169 1024 273 1097 accepti
285 1023 453 1096 expensiquc
466 1022 574 1078 tabulas
593 1039 611 1078 a
630 1022 726 1095 primis
747 1021 833 1078 initiis
855 1039 898 1078 re
946 1024 1006 1079 reati
1019 1039 1121 1094 sumus,
1136 1021 1257 1096 periculo
1272 1021 1393 1092 majoma
1436 1022 1582 1096 Coepimirs
1600 1021 1656 1078 viri
1668 1037 1737 1093 eme,

105 1131 213 1170 sumes
231 1113 355 1168 manner.
399 1110 471 1166 Hinc
494 1115 626 1167 secretum
645 1110 782 1182 quendam
799 1110 831 1165 in
849 1109 898 1166 ho·
946 1115 975 1168 et
993 1116 1190 1169 macraoentc
1209 1109 1314 1179 judicio
1338 1110 1487 1183 crepundia
1508 1110 1652 1183 posuimus
1675 1126 1737 1166 mm

106 1203 229 1260 minibus
237 1200 401 1256 atheismum
410 1203 441 1254 et
449 1198 590 1254 horrorem
600 1199 697 1255 mortis
705 1203 734 1256 et
744 1199 778 1256 de
787 1198 898 1259 animes
946 1204 1101 1274 paetexta:
1117 1198 1229 1272 perinde
1242 1217 1276 1255 ac
1288 1199 1313 1254 si
1324 1199 1441 1254 mrmdss
1455 1214 1493 1254 ex
1508 1215 1565 1271 qno
1578 1215 1597 1255 a
1610 1198 1738 1255 barbaris

106 1295 205 1346 natum
219 1288 404 1346 dubitationes
418 1291 447 1342 et
460 1287 593 1360 pessimas
610 1288 647 1344 dc
664 1287 726 1343 Deo
747 1287 896 1344 senmnttas
946 1287 1056 1361 revixit,
1068 1287 1201 1361 paulatim
1211 1287 1291 1343 annis
1301 1287 1488 1361 sapientiaque
1496 1288 1634 1344 nevisset.
1644 1288 1738 1360 riguo

107 1384 157 1435 ant
174 1382 246 1435 certe
265 1378 439 1447 fluctuantes,
461 1376 614 1448 multosque
633 1375 828 1433 coneretudine
847 1392 897 1450 po
946 1377 1045 1450 vimus,
1060 1382 1228 1449 quantopere
1241 1376 1347 1449 geneis
1359 1375 1472 1431 humani
1482 1375 1599 1447 intersit,
1609 1380 1739 1433 mturam

107 1468 161 1524 tius
174 1471 224 1523 aut
238 1465 397 1522 necessitate
408 1480 492 1537 quam
502 1463 608 1533 judicio
618 1464 747 1520 honestos
760 1480 826 1520 esse.
946 1465 1035 1539 ipsam
1049 1464 1164 1538 consuli,
1179 1463 1304 1537 legesque
1322 1465 1469 1536 figurarum
1488 1481 1521 1520 ac
1534 1468 1661 1523 motuum
1674 1481 1740 1520 con·

151 1556 286 1613 Videbam
303 1570 391 1610 novos
405 1553 538 1625 quosdam
553 1553 726 1626 philosophos
740 1552 897 1625 ingentibus
946 1553 1032 1625 stitni,
1049 1552 1149 1625 quibus
1162 1557 1273 1609 nostrae
1287 1553 1359 1608 vires
1378 1557 1537 1626 augeantur.
1579 1553 1643 1624 Sed,
1663 1557 1696 1609 ut
1709 1553 1740 1609 in

107 1644 235 1718 pollicitis
259 1642 393 1699 excidisse
417 1641 491 1714 quod
516 1641 560 1697 vel
584 1645 781 1714 praeoccupata
805 1644 897 1696 mente
946 1641 1086 1714 republica
1104 1640 1225 1714 plerique
1244 1642 1306 1697 aliis
1319 1641 1477 1698 laboramus
1492 1641 1573 1714 patei
1588 1640 1680 1714 nobis,
1699 1641 1741 1697 ita

107 1733 283 1806 scripsissem,
298 1731 342 1786 rcl
356 1747 482 1786 sermone
502 1729 725 1786 amathematica
743 1729 896 1801 severitate,
946 1729 1107 1802 conquisitis
1116 1729 1312 1802 experimentis
1322 1730 1428 1785 tantum
1435 1729 1741 1803 posteritatimateriam

106 1838 190 1895 quam
204 1820 257 1893 ipsi
271 1819 340 1876 alibi
359 1822 544 1891 sequerentur,
559 1818 596 1873 ad
609 1818 769 1892 popularem
788 1816 897 1874 dicendi
946 1818 1108 1892 colligimus,
1125 1817 1199 1874 unde
1208 1818 1296 1874 mtdta
1306 1823 1369 1891 post
1382 1819 1490 1874 saecula
1505 1818 1631 1875 veritatis
1646 1817 1741 1875 aediti·

106 1911 266 1967 facilitatem
280 1907 415 1978 traducto,
429 1907 591 1979 applausum
604 1906 697 1980 potius
711 1922 794 1979 quam
808 1922 898 1962 amen·
947 1908 1020 1964 cium
1031 1906 1144 1963 maeri
1154 1907 1250 1980 possit
1265 1907 1301 1962 Et
1312 1906 1393 1964 rideo
1403 1923 1517 1980 magnios
1527 1906 1611 1980 viros,
1621 1903 1742 1976 cumjri·

107 2015 169 2055 sum
183 1995 373 2054 obtinuissent.
394 1994 467 2050 Nam
481 1994 607 2050 etunius
621 1999 728 2050 mamm
742 1994 898 2067 exemplum
947 1999 1088 2053 ventutem
1109 1995 1139 2050 in
1165 1995 1364 2052 mathematicis
1390 2000 1440 2052 ant
1465 1995 1622 2052 hunraniori
1647 1995 1743 2052 licea·

107 2087 256 2156 adducam,
274 2084 299 2139 si
318 2082 437 2139 eximius
457 2087 531 2138 certe
555 2082 598 2137 sir
616 2083 738 2138 Rerratns
762 2082 898 2139 Cartcsim
947 2089 1009 2141 tura
1029 2084 1194 2158 posuissent,
1208 2088 1329 2140 aemtem
1349 2084 1545 2157 experimentis
1559 2089 1675 2140 naturae
1690 2088 1742 2140 aut

100 2175 151 2231 ¹vel
165 2174 249 2230 semel
263 2172 306 2226 sui
321 2171 407 2245 ipsius
421 2187 501 2227 musa
515 2170 707 2228 mananones
725 2173 755 2226 in
774 2171 897 2245 pmposi·
947 2172 1066 2246 negotiis
1091 2172 1302 2245 impendissent,
1330 2171 1360 2227 in
1386 2173 1460 2228 tiexu
1487 2172 1562 2229 vitae
1578 2170 1641 2241 jam
1662 2171 1742 2229 incli-

108 2263 206 2335 tiones,
227 2261 430 2317 dissertationes
448 2259 478 2315 in
503 2259 764 2333 demonstrationes,
786 2277 898 2316 conver
947 2260 1096 2317 nantis'ad
1119 2261 1262 2316 scientiam
1283 2260 1383 2316 inentis
1409 2261 1587 2317 excolendam
1614 2260 1741 2334 rediise,

108 2356 166 2408 tere
180 2341 298 2407 'comen
317 2348 425 2421 fuisset,
447 2348 559 2404 vidisset
578 2347 644 2422 ipse,
665 2349 795 2422 pleraque
812 2348 896 2406 hiare.
947 2366 1002 2423 qua
1023 2349 1150 2423 propriae
1172 2349 1295 2407 felicitati
1316 2349 1474 2405 consulitur.
1517 2349 1662 2422 Sapienter
1682 2349 1741 2406 dic·

107 2439 201 2497 merit
224 2439 289 2511 boo,
313 2453 376 2493 cum
401 2436 483 2492 amici
509 2436 636 2511 precibus
659 2441 688 2494 et
706 2441 814 2492 tantum
839 2452 897 2492 nou
948 2444 1007 2495 tnm
1038 2442 1120 2494 csta
1146 2438 1214 2494 Viro
1240 2438 1348 2511 egregio
1376 2437 1561 2494 Francisco
1587 2439 1741 2512 Bacone,

107 2528 247 2601 conviciis,
266 2525 515 2583 demontrationem
534 2526 570 2581 dc
589 2525 736 2583 mistam
754 2524 816 2597 Dei,
839 2541 898 2580 ma·
947 2526 1147 2601 philosophiam
1168 2526 1260 2583 obiter
1274 2526 1389 2582 libatam
1406 2527 1499 2583 aDeo
1514 2525 1659 2600 abducere,
1676 2543 1742 2600 pro·

108 2616 272 2674 memetiioo
286 2615 381 2672 habitu
395 2615 531 2685 vestitam,
547 2613 574 2670 ci
588 2617 733 2670 extorsere.
770 2613 898 2679 Quamsi
948 2614 1059 2672 tundius
1081 2614 1207 2670 haustam
1228 2614 1345 2674 reddero
1366 2614 1490 2671 meatori
1528 2615 1606 2671 Idem
1627 2615 1741 2672 saeculo

108 2705 145 2761 ab
163 2704 225 2777 ipso
243 2721 295 2778 pro
312 2704 545 2760 demonstratione
563 2701 686 2758 habitam
705 2707 808 2776 putem,
828 2701 899 2772 inju-
948 2719 1077 2777 auguror,
1100 2705 1158 2759 iore
1179 2708 1211 2759 ut
1237 2703 1355 2778 pretium
1382 2703 1526 2760 sanctioris
1551 2702 1742 2778 philosophiae

108 2794 180 2851 mam
194 2792 253 2861 ejus
267 2791 378 2864 ingenio
393 2806 438 2845 me
453 2793 542 2846 tacere
555 2795 702 2847 autumem.
948 2791 1125 2850 redeuntibus
1151 2792 1187 2848 ad
1209 2809 1239 2849 sc
1260 2792 1417 2848 hominibus
1443 2796 1606 2865 agnoscatur
1631 2797 1661 2849 et
1682 2808 1742 2848 ma·

152 2883 221 2938 Sunt
232 2880 280 2953 qui
291 2879 512 2935 mathematicum
522 2878 644 2951 vigorem
652 2878 899 2954 extraipsasscien·
949 2880 1094 2937 tlrematica
1116 2881 1207 2936 studia
1229 2885 1289 2936 tum
1310 2880 1345 2936 ad
1363 2880 1507 2936 severioris
1525 2879 1624 2948 judicii
1645 2897 1742 2937 exem·

109 2969 171 3044 tias,
183 2985 251 3042 quas
262 2968 344 3040 uulgo
351 2967 556 3023 mathematicas
567 2967 842 3041 appellamus,locum
851 2968 899 3024 ha-
948 2969 1035 3043 plum,
1059 2972 1119 3024 tum
1140 2969 1176 3024 ad
1197 2969 1412 3042 cognoscendam
1431 2967 1604 3025 harmoniam
1625 2985 1658 3026 ac
1680 2969 1742 3044 pul·

109 3058 175 3115 bere
185 3074 241 3113 non
252 3060 358 3129 putant.
380 3055 433 3112 Sed
443 3055 484 3111 illi
496 3055 632 3128 ignorant,
644 3055 718 3112 idem
729 3072 787 3114 esse
797 3057 899 3113 mathe
949 3056 1110 3116 eluitudinis
1131 3057 1208 3113 velut
1223 3057 1321 3128 ideam,
1339 3063 1454 3114 naturae
1469 3075 1535 3114 vero
1550 3058 1742 3131 experimenta

109 3146 209 3202 maticc
229 3145 354 3217 scribere,
374 3144 448 3217 quod
467 3143 499 3200 in
512 3146 614 3217 torma,
636 3149 668 3200 ut
685 3145 768 3217 logici
789 3148 898 3218 vocant,
949 3148 984 3203 ad
997 3145 1111 3219 autoris,
1133 3145 1180 3218 qui
1201 3145 1351 3218 imaginem
1373 3146 1469 3202 idealis
1490 3145 1590 3203 mundi
1612 3147 1740 3202 sensibili

108 3233 277 3304 ratiocinari,
292 3237 320 3288 et
334 3237 474 3306 praeterea
486 3232 690 3288 distinctionum
704 3233 898 3307 captiunculas,
928 3238 932 3245 ”
948 3235 1093 3308 expressit,
1107 3234 1325 3308 admirationem,
1342 3234 1433 3291 studia
1454 3234 1572 3308 denique
1593 3235 1688 3292 omnia
1704 3235 1742 3292 ad

108 3323 208 3396 quibus
222 3320 345 3394 alioquin
359 3326 466 3394 tenrpm
481 3321 576 3377 teritur
585 3337 641 3376 una
655 3321 814 3379 definitione
823 3338 900 3395 prae-
951 3323 1118 3394 felicitatem,
1141 3323 1301 3396 dirigantur.

108 3411 210 3469 venire.
248 3410 314 3478 ‘Hoc
333 3409 408 3465 enim
426 3409 507 3466 unico
527 3409 684 3466 Scholastici
704 3410 773 3467 vitio
793 3410 900 3467 labora·
993 3411 1100 3468 Interea
1116 3427 1165 3484 per
1179 3409 1405 3484 anticipationem
1420 3410 1451 3466 id
1465 3423 1587 3484 agamur,
1604 3416 1636 3468 ut
1651 3411 1740 3469 animi

108 3518 181 3573 rore,
195 3499 270 3571 quod
284 3514 346 3554 curn
360 3498 519 3571 plenamque
533 3498 661 3554 ordinate
681 3498 748 3554 satis
762 3503 799 3571 et,
815 3504 847 3554 ut
860 3497 899 3554 sic
949 3517 1043 3556 eorum
1057 3503 1197 3572 sanemur,
1217 3516 1285 3571 quos
1305 3499 1472 3555 blandientis
1491 3499 1633 3569 crrjrndam
1652 3501 1741 3574 philo

108 3590 213 3661 dmm,
245 3586 435 3643 mathematice
463 3586 674 3658 ratiocinemur,
703 3587 899 3642 vocabulorum
949 3588 1060 3662 sophiae
1074 3587 1191 3660 nouitas,
1213 3588 1434 3643 mathematicum
1453 3588 1584 3660 quiddam
1598 3589 1740 3662 ementita,

107 3694 189 3734 unam
209 3676 342 3749 reliquere
360 3674 392 3729 in
409 3674 522 3730 incerto.
565 3674 645 3730 Unde
670 3690 721 3746 pro
742 3673 900 3730 defiuitione
948 3677 1087 3749 cormpit,
1093 3675 1213 3749 periculo
1227 3675 1338 3732 ‹huinae
1352 3675 1482 3732 rer-itatis
1524 3677 1685 3734 Indubitate
1696 3695 1741 3734 ras

107 3765 190 3822 unica
202 3764 305 3820 multae
318 3762 498 3835 definitiones,
518 3778 570 3836 pro
583 3762 816 3819 demonstratione
834 3762 900 3819 irre·
949 3770 999 3838 est,
1015 3769 1043 3821 ct
1061 3765 1205 3820 Aristoteli
1225 3779 1334 3837 quoque
1355 3765 1458 3838 agnita,
1478 3765 1572 3821 omnia
1591 3765 1622 3822 in
1640 3771 1742 3822 natura

108 3853 234 3926 flagabili
260 3852 363 3907 multae
387 3851 419 3907 in
443 3855 586 3922 utramque
617 3855 724 3922 partem
750 3851 899 3924 argutatio·
948 3869 1078 3926 corporea
1099 3853 1320 3925 amagnitudiue
1339 3854 1424 3925 figura
1443 3857 1472 3908 et
1490 3858 1569 3910 motn
1587 3856 1676 3928 repeti
1694 3855 1742 3911 de-

107 3957 156 3997 nes
175 3945 271 4011 nataeq
292 3939 392 4012 quibus
405 3940 501 3996 divina
514 3954 609 3994 comm
623 3938 751 4011 dognrata
770 3944 799 3995 et
812 3940 899 3995 admi-
948 3941 1020 3998 bere
1058 3941 1191 3997 Doctrina
1218 3942 1253 3998 de
1272 3940 1459 4013 magnitudine
1477 3947 1507 3997 et
1526 3943 1613 4015 ligura
1632 3943 1742 4017 egregie

107 4029 210 4086 randae
228 4044 286 4083 non
304 4044 367 4083 raro
385 4026 639 4100 contemplationes,
659 4028 697 4084 ab
709 4027 821 4084 homine
840 4045 899 4085 ma·
948 4029 1057 4086 exculta
1070 4033 1120 4102 est,
1135 4029 1233 4086 intima
1247 4034 1338 4085 motus
1351 4029 1475 4086 nondum
1493 4035 1596 4103 patent,
1616 4032 1742 4105 neglectu

108 4116 254 4175 demetiae
267 4115 348 4171 docto
364 4132 420 4172 non
434 4115 581 4172 difficulter
594 4120 750 4190 purgentur.
948 4119 1054 4193 primae
1078 4118 1278 4192 philosoptiac,
1304 4119 1378 4175 unde
1402 4119 1549 4191 repetenda
1572 4125 1645 4175 sunt
1691 4121 1743 4176 Fst

150 4205 255 4261 Utilem
269 4208 362 4259 autem
380 4204 451 4260 hanc
469 4219 581 4277 opemm
594 4222 629 4261 eo
647 4204 737 4278 mans
754 4205 895 4277 putabam,
948 4207 1023 4264 enim
1036 4207 1248 4280 Metaphysicae‚
1263 4210 1379 4264 tractare
1397 4207 1598 4263 demutatione
1616 4212 1743 4281 tcmqrorc

107 4295 182 4369 quod
196 4293 309 4366 gliscere
322 4292 444 4348 riderem
458 4291 488 4347 iu
508 4292 608 4348 animis
627 4293 770 4350 hominum
789 4299 898 4357 senten:
947 4297 1078 4353 continuo
1092 4295 1122 4350 in
1142 4295 1306 4351 uuiversum
1349 4295 1443 4351 Motus
1462 4295 1537 4350 enim
1556 4296 1660 4369 species
1680 4302 1743 4352 tan·

108 4384 162 4439 tias
175 4381 387 4455 periculosas,·a
403 4381 489 4436 falsae
502 4379 688 4455 philosophiae
707 4383 899 4439 mathematica
948 4390 1007 4442 tum
1021 4383 1190 4440 mutationis.
1232 4383 1297 4439 Nou
1317 4383 1454 4441 intellecta
1473 4388 1565 4439 motus
1583 4389 1684 4440 natura
1704 4388 1744 4442 ie·

106 4472 226 4545 quadam
246 4470 323 4525 larva
342 4472 430 4543 natas,
446 4471 474 4524 et
488 4483 599 4524 omnem
618 4471 725 4527 scholae
744 4471 898 4527 doctrinam
947 4474 994 4546 cit,
1016 4476 1047 4528 ut
1066 4471 1185 4544 insignes
1202 4471 1357 4544 philosophi
1380 4477 1507 4528 nabnam
1531 4473 1664 4529 mamriae
1681 4458 1743 4530 s⁵ola

106 4578 158 4635 pro
177 4558 259 4632 nugs
283 4557 405 4631 explodi.
448 4557 669 4631 Quomsquisque
692 4559 768 4615 enim
792 4576 897 4631 eorum,
947 4561 1108 4619 extensione
1121 4559 1386 4632 circumscripserint,
1403 4560 1476 4616 unde
1495 4565 1561 4617 nata
1583 4565 1625 4617 est
1644 4579 1744 4636 eorpo-

107 4650 154 4724 qni
168 4648 205 4704 ad
225 4646 328 4704 saeculi
347 4662 454 4703 morem
472 4645 547 4703 docti
567 4651 639 4721 mut,
659 4649 717 4722 has,
737 4651 770 4705 ut
786 4653 895 4723 vocant,
946 4650 986 4707 ris
999 4653 1082 4706 antee
1100 4648 1224 4704 inaudita
1238 4649 1326 4722 notio,
1340 4665 1398 4704 uon
1416 4649 1504 4722 magis
1522 4653 1639 4706 naturae
1659 4651 1744 4724 plrae-

107 4739 189 4796 tricas
208 4737 280 4793 lectu
299 4734 396 4808 dignas
409 4735 575 4793 arbitraturi
596 4735 656 4809 Ego
665 4735 805 4805 juventuti
820 4753 897 4794 meae
947 4738 1082 4810 nomenis,
1097 4752 1180 4809 quam
1194 4737 1258 4794 tidei
1271 4737 1408 4808 mysteriis
1427 4738 1614 4795 conciliabitis.
1652 4739 1744 4795 Nimi-

107 4828 238 4898 gcatulor,
256 4841 327 4898 quae
346 4825 516 4882 occasionem
535 4824 611 4880 dedit
630 4827 697 4882 hacc
715 4841 823 4898 quoquc
841 4831 898 4881 stu·
947 4844 1010 4885 rum
1023 4825 1204 4884 denonstrari
1218 4829 1316 4898 potest,
1337 4830 1481 4882 extensum
1495 4826 1572 4882 autb
1590 4828 1647 4883 alia
1666 4845 1743 4885 acce·

107 4914 154 4968 dia
167 4913 357 4988 cognoscendi,
372 4917 520 4988 antequam
531 4928 616 4986 mens,
628 4913 735 4970 imbuta
749 4914 898 4971 mathema·
948 4917 1030 4973 dente
1048 4913 1193 4987 qualitate,
1216 4913 1314 4986 agendi
1333 4914 1508 4987 patiendique
1533 4914 1652 4988 incapax
1672 4934 1742 4991 csse,

108 5001 182 5074 ticis,
213 5002 269 5059 alia
294 5002 435 5058 fastidiose
459 5017 586 5075 spemere
611 5001 780 5057 aenedmet.
828 5004 898 5059 Sunt
947 5001 1269 5074 omniasnmmcfluida,
1289 5002 1381 5058 idest
1400 5020 1494 5074 vacua,
1515 5006 1588 5075 tore,
1608 5004 1742 5062 unionem

108 5090 241 5161 quaedam
250 5089 336 5146 veluti
347 5090 453 5164 periodi
462 5090 630 5162 studiomm3
640 5093 700 5144 erat
710 5093 825 5164 tempus,
835 5106 898 5147 cmn
947 5107 1092 5164 corpomm
1105 5093 1135 5145 et
1148 5105 1231 5162 quam
1245 5090 1275 5146 in
1289 5091 1324 5146 iis
1337 5092 1468 5148 sentinus
1482 5092 1639 5148 firmitatem
1653 5093 1745 5167 expli·

109 5176 269 5235 schobstics
285 5177 434 5252 'lbeologia
452 5178 512 5234 sola
536 5176 719 5252 qrnncipatnm
744 5178 896 5254 mercha,
946 5179 1004 5238 cari
1017 5195 1076 5237 non
1088 5194 1176 5254 posse,
1191 5178 1308 5253 denique
1320 5180 1394 5254 leges
1407 5183 1533 5237 motuum
1546 5181 1583 5238 ab
1597 5183 1744 5256 experien-
