3706 5828
147 318 241 384 m
779 310 1176 375 PRAEFATIO.

151 451 206 523 the
224 449 291 522 late
310 443 440 519 learned
460 443 519 515 Mr.
541 440 685 515 Leibnita
707 441 769 513 and
789 441 849 513 Dr.
872 441 989 514 Clariae
1009 445 1044 515 in
1066 444 1119 514 the
1143 467 1239 536 years
1260 447 1348 517 1715
1372 446 1435 517 and
1458 448 1545 521 1716
1566 458 1628 520 etr.
1660 448 1798 524 London

153 571 251 639 1717.
279 604 324 618 -
351 564 470 634 Postea
498 560 580 631 1111
607 557 751 631 collectio
780 557 892 649 g‘altice
919 557 1040 631 reddita
1063 584 1083 629 1
1105 561 1187 631 doct
1208 559 1278 630 Des
1298 561 1465 633 dlaiaeaux
1485 563 1569 635 edita
1591 568 1695 638 estin
1715 565 1797 637 libro

151 685 281 774 saepius
299 685 366 773 jam
388 681 494 762 citato,
516 677 572 745 ubi
592 676 626 745 11
647 672 720 747 Vol.
741 673 763 743 1.
786 673 937 766 legrmtur
956 677 1002 744 ita
1023 687 1061 745 ut
1082 676 1318 751 claruimus
1339 677 1491 767 epistolae
1513 678 1627 772 gellioo
1647 705 1800 763 1111111

151 809 288 869 utantur.
322 795 393 863 Nos
414 797 511 887 igitur
531 815 607 860 cum
629 790 661 858 id
683 812 784 857 unum
807 812 993 857 curaremus
1016 801 1052 858 ut
1076 794 1175 862 nostri
1197 802 1231 865 et
1253 791 1405 876 doctrina,
1427 796 1551 886 etipsa
1569 796 1678 880 verba,
1696 818 1798 867 aecu-

38 918 43 923 '
151 923 221 983 rate
248 910 469 993 redderentur,
502 907 534 975 id
562 905 727 977 consilium
755 904 842 995 quod
863 904 1041 975 Dutensius
1063 909 1160 977 etiam
1181 916 1313 977 secutus
1334 917 1399 990 est,
1420 907 1532 999 gallica
1551 908 1662 1003 lingum
1684 912 1798 981 edendi

151 1025 270 1097 oratii
290 1024 450 1119 epistolas,
471 1025 502 1093 ei
522 1022 702 1115 linguarum
724 1021 900 1091 confusioni
920 1021 1138 1114 praetulimus,
1160 1046 1253 1115 quae,
1275 1042 1353 1092 oum
1373 1021 1536 1091 curtium
1556 1028 1680 1117 anglice
1699 1026 1797 1097 laih-

149 1145 266 1237 nitium
286 1140 399 1234 gallice
420 1140 606 1231 loquentem
626 1135 798 1217 induceret,
820 1146 945 1205 tantum
967 1137 1094 1207 abesset
1115 1147 1152 1207 ut
1173 1136 1344 1209 editionem
1357 1147 1501 1227 nostram
1516 1151 1651 1225 ornaret,
1671 1151 1710 1209 ut
1722 1164 1799 1211 eam

150 1257 280 1349 indigne
306 1265 391 1326 esset
417 1255 641 1324 deformatum.
691 1251 879 1342 Sequuntur
899 1251 1038 1342 denique
1060 1251 1143 1322 duae
1165 1254 1368 1344 scriptiones,
1400 1274 1480 1344 quar
1501 1257 1623 1325 ratione
1643 1257 1800 1347 temporb

106 1456 109 1461 ¹
153 1396 218 1465 quo
247 1372 444 1461 conscriptae
471 1372 534 1438 sint
555 1367 660 1436 habita
680 1364 791 1460 locum
812 1389 909 1435 suum
930 1389 995 1435 non
1017 1376 1125 1436 tenere
1146 1390 1243 1437 nemo
1264 1390 1318 1465 me
1340 1370 1400 1437 scit
1421 1370 1548 1437 rentium
1590 1370 1635 1441 At
1654 1368 1799 1441 cum'lll.

153 1487 286 1555 Cousini
306 1489 483 1578 fragmenta
504 1481 736 1574 philosophica,
759 1506 777 1548 e
800 1480 915 1570 quibus
938 1504 996 1549 eae
1019 1480 1203 1573 depromtae
1225 1491 1309 1562 sunt,
1330 1481 1408 1549 mihi
1429 1506 1494 1552 non
1516 1485 1658 1573 priurrin
1679 1504 1800 1557 manue

151 1588 296 1671 11111111
317 1623 415 1693 quam
436 1622 512 1667 cum
532 1597 687 1667 volumen
707 1597 847 1687 primunt
868 1597 953 1687 typis
970 1597 1037 1686 jam
1061 1618 1217 1667 excusum
1238 1605 1334 1679 esset,
1359 1618 1491 1667 necesse
1512 1601 1582 1680 ruit,-
1600 1620 1677 1667 oum
1698 1621 1797 1667 suum

151 1716 294 1789 oblinere
321 1739 387 1784 non
408 1723 554 1805 possent,
584 1711 756 1781 alterum
747 1713 787 1779 ris
807 1710 961 1802 assignari
980 1707 1100 1777 locum.
1149 1709 1193 1779 Et
1220 1731 1315 1802 spero
1341 1713 1409 1780 iore
1437 1720 1475 1780 ιιι
1501 1710 1602 1782 lector
1621 1711 1802 1785 benevolus

152 1830 267 1901 melius
289 1840 397 1898 actum
419 1837 512 1920 putet
532 1826 648 1921 quod
638 1850 673 1897 ur
695 1824 869 1958 appendice
888 1823 1039 1918 leguntur
1058 1847 1158 1917 quam
1176 1847 1205 1895 ιι
1195 1824 1315 1919 plane
1327 1828 1555 1897 omitterentur
1587 1829 1673 1898 Sunt
1686 1839 1800 1899 autern

151 1943 214 2016 111
234 1942 492 2038 scriptiunculam

243 2060 282 2128 C.
322 2060 547 2127 sentiment
579 2054 627 2124 11
658 2053 722 2123 hir.
756 2051 917 2123 Leibnia
951 2078 1019 2123 sur
1051 2054 1087 2125 le
1119 2053 1220 2123 livre
1253 2052 1299 2123 de
1331 2051 1395 2124 tir
1427 2053 1718 2149 l’nroheveque
1749 2056 1800 2129 de

154 2168 352 2264 cambray
373 2182 412 2240 et
434 2168 550 2239 surl’
557 2192 669 2239 mour
691 2168 736 2238 de
757 2167 864 2238 Dieu
885 2170 1158 2239 desinte'ressd.
1214 2167 1444 2260 Epistularum,
1465 2194 1547 2263 quos
1566 2171 1619 2240 111.-
1633 2172 1797 2241 Cousinus

153 2288 250 2361 edidit
263 2290 327 2372 uni,
348 2309 432 2356 anno
444 2285 644 2367 ntucxvss.
659 2288 865 2378 conscriptae,
886 2283 1088 2355 Leibnitius
1079 2308 1149 2376 rpse
1171 2283 1320 2353 schedam
1343 2283 1539 2355 adnexuerat
1557 2287 1598 2356 de
1612 2288 1797 2378 quaestione

153 2425 193 2476 eo
222 2413 366 2495 tempore
394 2400 544 2472 amultis
567 2401 688 2471 Galliae
711 2402 811 2470 doctis
833 2403 966 2493 agitatm
999 2398 1039 2469 de
1068 2422 1178 2468 amore
1199 2399 1272 2467 Dei.
1326 2401 1450 2486 Quam,
1477 2402 1672 2494 deperditam
1697 2408 1800 2485 ratus,

153 2517 315 2587 Cousinus
343 2516 472 2586 tandem
498 2518 617 2610 reperit
649 2527 685 2586 et
708 2517 744 2586 iu
770 2514 850 2586 libro
877 2538 974 2608 supra
1001 2513 1130 2585 laudato
1159 2512 1263 2585 edidit
1308 2513 1407 2585 ‘idem
1432 2525 1547 2586 tractat
1574 2527 1799 2610 argumentum

152 2632 286 2726 epistola
307 2631 513 2725 subsequens.

199 2745 250 2815 Cl
277 2744 453 2815 Lettre
439 2771 461 2816 1
488 2747 553 2814 tlr.
577 2742 711 2813 l'abbe'
738 2741 900 2815 Nieaise
926 2766 993 2814 sur
1013 2742 1051 2813 11
1078 2745 1267 2836 question
1288 2742 1335 2816 de
1363 2743 1533 2815 l'nmour
1553 2692 1678 2831 divin,
1711 2767 1796 2816 auno

153 2856 383 2930 MDCCXVII.
403 2861 581 2953 conscripta
604 2882 702 2951 quam
721 2858 832 2928 itidem
852 2855 933 2929 libro
955 2859 1089 2929 Gousini
1110 2858 1273 2929 debemus

161 3216 165 3223 '
240 3200 332 3272 Haeo
352 3213 429 3273 sunt
449 3225 534 3297 quae
555 3203 611 3271 tibi
632 3202 734 3287 offert,
754 3201 792 3272 L.
812 3202 862 3285 B,
883 3225 957 3272 mea
978 3199 1074 3272 editio
1097 3222 1196 3296 opera
1209 3199 1355 3273 Leibnitii
1377 3200 1602 3295 philosophica,
1623 3201 1686 3273 111
1708 3214 1801 3275 erant

154 3339 271 3388 causae
301 3340 384 3410 quae
410 3342 463 3387 mc
492 3327 662 3386 moverunt
690 3327 728 3385 ut
755 3341 794 3386 ea
817 3319 1017 3409 potissimum
1039 3320 1231 3411 reciperem,
1263 3316 1325 3385 hae
1347 3320 1485 3387 rationes
1507 3341 1591 3410 quae
1611 3327 1648 3389 ut
1667 3320 1712 3387 ita
1732 3318 1799 3389 dis·

153 3454 308 3525 ponerem
334 3454 388 3501 me
415 3432 623 3501 adduxerunt
668 3432 758 3517 Quas
785 3435 888 3501 fusius
915 3432 970 3502 tibi
991 3435 1144 3525 proposui
1165 3454 1230 3502 uon
1254 3441 1290 3501 ut
1311 3430 1480 3501 adomnia
1502 3432 1724 3525 quaeprotuli
1745 3458 1799 3503 as-

152 3550 257 3617 sensio
280 3558 337 3616 tua
358 3556 640 3638 1111111111-
655 3545 765 3638 procul
787 3547 868 3616 1111
889 3558 956 3615 tarn
978 3569 1129 3640 arrogans
1150 3548 1406 3638 exspectatio-
1419 3544 1476 3615 sed
1499 3557 1537 3615 ut
1557 3547 1612 3616 tihi
1632 3549 1802 3620 ostendam

152 3683 219 3731 non
247 3660 342 3754 plane
367 3662 599 3731 inconsiderate
625 3660 707 3730 hanc
728 3663 905 3730 institutam
927 3684 1000 3731 esse
1022 3663 1207 3745 editionem,
1235 3686 1320 3752 quae
1347 3662 1375 3731 si
1402 3660 1499 3730 modo
1521 3661 1563 3730 11
1584 3661 1802 3756 philosophiae

153 3773 369 3846 Leibnitianae
389 3779 602 3870 cognitionem
622 3787 657 3846 et
678 3777 942 3847 existimationem
963 3775 1175 3907 adjuvandam
1196 3776 1374 3860 contulerit,
1396 3775 1437 3846 11
1458 3799 1500 3847 eo
1521 3800 1620 3868 quem
1640 3778 1700 3847 sibi
1720 3801 1800 3871 pro·

153 3891 261 3982 posuit
282 3888 345 3959 1111
365 3914 431 3961 non
451 3892 617 3961 aberravit
1315 3922 1324 3937 ·

243 4003 357 4072 Restat
378 4016 415 4073 ut
435 4029 539 4097 pauca
562 4006 708 4098 adjiciam
730 4005 772 4075 de
792 4013 923 4074 externa
936 4003 1035 4099 hujus
1048 4003 1192 4075 editionis
1206 4006 1322 4098 specie.
1349 4007 1476 4077 Ornata
1490 4014 1540 4075 est
1552 4005 1657 4099 effigie
1670 4005 1802 4078 111111-

154 4116 304 4211 graphica
324 4117 484 4203 Leibnitii,
510 4145 594 4213 quae
615 4120 771 4213 descripto
792 4130 843 4189 est
864 4119 904 4191 ab
924 4122 1067 4212 imagine
1086 4144 1183 4214 quum
1204 4123 1328 4190 1111111
1348 4144 1442 4191 meus
1455 4123 1637 4191 1111111111
1649 4122 1800 4192 Krani-

122 4230 125 4253 '
153 4228 317 4324 lingius,
353 4235 477 4303 musaei
503 4234 642 4304 historici
668 4235 861 4306 Drasdensis
892 4238 1072 4325 praelectus
1100 4258 1139 4304 11
1167 4246 1288 4318 rector,
1316 4236 1474 4329 possidet.
1525 4237 1632 4322 Quom
1654 4237 1801 4331 effigiem,

123 4336 126 4349 ’
154 4344 314 4415 coloribus
349 4347 474 4417 oleariis
508 4350 548 4418 ab
574 4351 726 4422 Andron
755 4348 973 4433 Scheitsio,
1008 4348 1245 4418 artilioe'haud
1265 4351 1390 4440 ignoto,
1417 4354 1551 4442 pictam,
1578 4363 1653 4420 ante
1680 4375 1802 4423 ennurn

126 4518 130 4537 ‚
156 4458 337 4531 llDCClV.
364 4462 553 4533 delineatam
582 4488 653 4533 esse
679 4488 745 4533 non
772 4464 878 4534 solum
904 4487 945 4533 ex
972 4487 1013 4532 eo
1040 4465 1190 4557 conjicias
1217 4462 1304 4552 quod
1325 4475 1470 4533 nostrum
1491 4470 1556 4535 lere
1575 4469 1726 4558 juvenem
1747 4491 1801 4537 re·

155 4585 349 4667 praesentet,
379 4578 436 4646 sed
462 4581 558 4647 etiam
586 4602 627 4647 ex
655 4578 786 4670 epistola
814 4578 953 4672 rprndam
974 4576 1138 4648 Electricis
1160 4577 1301 4667 Sophiae
1329 4588 1425 4668 patet
1470 4581 1598 4672 Quippe
1620 4604 1703 4672 quae
1725 4605 1802 4650 cum

156 4688 198 4758 de
228 4693 323 4760 icone
349 4692 495 4761 Leibnitii
527 4703 756 4785 conqueratur,
789 4694 829 4762 de
865 4692 972 4762 tabula
1008 4691 1269 4784 chalcographioa
1296 4691 1438 4785 loquitur
1463 4716 1484 4762 1
1511 4695 1802 4787 Bernigerotho

155 4806 248 4887 iacta,
270 4830 367 4898 quam
387 4807 470 4876 hane
491 4810 594 4898 ipsam
616 4808 762 4877 Scheitsii
783 4812 940 4901 picturam
960 4810 1102 4878 imitosse
1124 4809 1179 4900 qui
1200 4819 1370 4899 utramque
1391 4807 1535 4893 viderint,
1556 4809 1700 4879 lubenter
1722 4834 1800 4880 con-

158 4920 284 4990 cedent.
305 4922 349 5011 (A
363 4922 583 5015 Bernigerothi
597 4921 760 5015 sculptura
773 4923 912 5017 reliquae
928 4950 1041 4996 omnes
1056 4947 1139 5017 quae
1160 4933 1285 4993 exstant
1299 4923 1444 4995 Leibnitii
1457 4927 1575 5009 icones,
1596 4948 1662 4994 una
1675 4949 1805 5016 semper

157 5034 255 5103 altera
278 5035 422 5122 deterior,
445 5038 620 5131 lampone
642 5036 812 5124 ridentur.)
849 5039 958 5124 Quare
984 5037 1222 5110 assentiendum
1244 5039 1365 5108 videtur
1386 5043 1490 5110 amico
1513 5064 1586 5110 meo
1609 5040 1804 5125 doctissimo,

158 5151 214 5258 qui
240 5153 401 5246 egregiam
427 5177 521 5237 suano
547 5151 778 5248 pulcluarnque
803 5152 944 5227 unctam
968 5158 1051 5230 inter
1078 5176 1184 5251 11111Ι
1205 5154 1375 5227 llDCXC.
1396 5164 1431 5226 et
1450 5155 1589 5228 MDCC.
1616 5154 1807 5243 1111111111
