3706 5828
668 323 1063 386 essartare.
1617 284 1704 389 *xm

65 480 172 551 genus
191 458 314 541 inveni,
341 480 465 549 eaeque
492 479 606 526 omnes
633 467 735 528 aetate
758 454 890 550 juvenili
915 457 1121 549 conscriptae.
1161 455 1303 525 blutatur
1323 454 1436 526 deinde
1457 455 1603 527 Leibnitii
1622 461 1702 529 scri·

65 573 164 642 bendi
189 571 306 640 modus
334 596 437 664 quum
462 572 559 641 literis
586 573 758 666 maJoribus
783 583 950 665 tractuque
975 571 1137 640 hteramm
1164 575 1348 665 pracsertim
1373 571 1514 642 linalirnn
1540 583 1607 643 tam
1633 573 1703 661 cle·¹

65 688 154 781 ganti
176 689 301 771 scribat,
321 698 358 756 ut
375 687 436 757 sibi
456 687 614 780 placuisse
633 688 776 757 videatur
796 689 829 757 in
851 686 1020 781 pingendo.
1052 685 1126 757 Vidi
1147 686 1276 779 quidem
1289 685 1373 755 hanc
1384 686 1546 756 literarum
1560 691 1702 781 speciem

66 805 100 872 in
121 801 327 895 autographis
346 824 431 870 anne
444 801 616 871 MDCCX.
636 805 829 894 conscriptis,
850 802 907 872 sed
927 813 1035 871 tamen
1056 801 1155 870 rarior
1176 813 1226 870 est
1244 813 1319 895 post
1337 802 1456 871 saeculi
1472 802 1574 874 xvlt
1594 803 1702 875 finem

66 918 119 988 lix
139 943 179 987 eo
202 928 350 1008 tempore
368 917 479 986 literae
499 919 638 986 minores
659 929 826 1009 apparent,
848 928 883 985 et
901 915 1111 1010 negligentius
1131 939 1171 984 ac
1192 940 1292 986 manu
1313 919 1371 986 etsi
1392 939 1456 988 non
1478 928 1631 990 tremente
1650 933 1700 991 ta·

66 1057 146 1103 men
167 1034 272 1101 minus
293 1031 399 1116 lirma,
419 1055 518 1124 saepe
539 1031 662 1102 calamo
684 1032 770 1101 male
790 1043 966 1125 temperato
985 1034 1102 1125 pictae,
1122 1055 1221 1125 saepe
1240 1031 1325 1101 lectu
1345 1031 1483 1101 difficiles
1502 1045 1584 1104 sunt.
1621 1036 1700 1124 (Ca-

66 1147 116 1215 dit
135 1147 195 1217 hoe
216 1173 245 1216 e
267 1171 313 1240 gr.
341 1150 375 1216 in
396 1150 560 1240 specimen
586 1157 697 1217 conba
716 1146 872 1217 lsockium
899 1171 983 1216 anno
1003 1146 1186 1216 thCClV.
1208 1150 1433 1241 conscriptum,
1454 1148 1541 1241 quod
1560 1149 1702 1244 Ruspina

66 1262 182 1350 edidit).
225 1262 315 1332 llaec
327 1262 441 1332 indicia
463 1286 562 1355 quam
584 1263 733 1355 ambigua
753 1266 824 1346 sint,
846 1262 933 1331 haud
952 1265 1083 1356 ignorm
1107 1261 1166 1331 aed
1186 1261 1257 1330 aliis
1276 1263 1374 1356 signis
1394 1275 1556 1335 carentem
1576 1267 1702 1337 incertis

65 1388 251 1446 contentum
272 1381 345 1447 esse
367 1390 498 1472 oportet
542 1378 652 1470 ltaque
673 1379 777 1460 statui,
798 1388 834 1447 ut
855 1381 962 1446 omnia
983 1380 1099 1471 scripta
1119 1381 1152 1447 in
1174 1377 1289 1470 quibus
1310 1377 1535 1472 elegantiorem
1553 1379 1641 1450 illam
1659 1381 1700 1452 li·

64 1504 206 1564 terarum
220 1497 360 1584 speciem
379 1497 571 1578 invenirem,
593 1496 653 1561 nisi
666 1502 753 1561 certa
767 1504 954 1586 argumenta
973 1494 1167 1561 contrarium
1187 1493 1370 1577 suaderent,
1388 1497 1428 1563 iis
1448 1495 1701 1582 adnumeratam,

64 1632 151 1701 quae
179 1619 253 1677 ante
279 1608 398 1678 sacculi
424 1609 521 1678 mem
547 1611 728 1698 conscripta
753 1619 870 1677 essent.
912 1609 1010 1701 Atqui
1037 1606 1079 1676 de
1105 1610 1245 1676 mamma
1266 1620 1355 1700 parte
1375 1620 1564 1679 tractatuum
1584 1613 1700 1684 subse·
1753 1634 1756 1641 ·

65 1727 231 1816 quentium
252 1722 314 1792 hoc
335 1723 426 1794 valet
463 1724 581 1817 ltaque,
602 1747 678 1792 cum
699 1747 797 1815 supra
818 1723 938 1791 dictum
959 1726 1002 1792 sit
1020 1746 1079 1791 cur
1092 1744 1206 1791 omnes
1220 1723 1260 1791 de
1275 1726 1404 1794 scientia
1417 1726 1556 1819 gcaemli
1567 1731 1702 1820 scriptos

64 1841 99 1908 in
126 1839 266 1908 eamdem
290 1837 401 1908 locum
426 1838 667 1933 congregandos
692 1840 887 1932 putaverim,
913 1860 1010 1930 spero
1036 1836 1190 1909 lectorem
1217 1837 1358 1909 deloco
1383 1841 1423 1909 iia
1450 1842 1608 1936 asignato
1634 1866 1700 1915 non
1840 1898 1847 1917 .

65 1957 135 2022 lore
154 1957 281 2022 iratum
322 1953 463 2047 Pergam
483 1957 516 2024 in
538 1953 761 2024 enumerandis
780 1953 905 2023 libellis:

151 2067 212 2138 XI.
232 2067 295 2138 De
315 2072 486 2138 scientia
507 2067 728 2139 universali
747 2092 823 2138 seu
842 2068 997 2140 calculo
1019 2067 1308 2164 philosophico.
1344 2069 1438 2140 Hanc
1456 2074 1699 2143 commentatio·

64 2207 152 2269 ηοω,
171 2187 227 2254 cui
247 2208 310 2279 ego
332 2183 457 2253 titulum
475 2184 584 2269 indidi,
603 2208 680 2253 cum
697 2183 817 2253 scheda
838 2183 1033 2254 Leibnitiana
1051 2186 1255 2278 inscriptione
1274 2194 1390 2270 careat,
1409 2187 1443 2256 in
1462 2190 1565 2257 bonta
1584 2187 1700 2259 horum

64 2303 315 2393 iragmentomm
340 2301 448 2393 posui,
474 2301 550 2392 quia
577 2299 655 2392 quid
681 2299 741 2369 sibi
767 2299 843 2369 velit
867 2299 922 2369 ille
946 2298 1091 2370 calcrrlm
1111 2299 1262 2385 delineat,
1286 2313 1384 2394 atque
1410 2304 1511 2394 rejicit
1528 2302 1699 2374 absurdam

66 2417 342 2508 consequentiam,
373 2416 466 2509 quasi
490 2437 550 2508 per
574 2413 665 2484 illum
691 2413 852 2484 ωιαιιιιω
876 2437 980 2484 novae
1007 2417 1154 2484 venare
1173 2418 1276 2484 meari
1294 2418 1416 2509 posnnt
1437 2418 1506 2487 sine
1530 2415 1641 2487 labore
1666 2427 1701 2489 ct
1844 2420 1847 2425 ’

66 2531 172 2600 omna
204 2532 405 2625 ingeniorum
435 2529 601 2599 discretas
630 2530 698 2600 tolli
725 2528 848 2600 debeat
891 2531 978 2599 (litat
1008 2541 1109 2600 artem
1129 2529 1390 2600 combinatoriam
1415 2541 1579 2624 tamquam
1606 2531 1699 2603 olim
1734 2560 1751 2581 ν

63 2649 289 2738 compositam,
316 2648 391 2716 citat
412 2648 507 2715 etiam
528 2646 748 2717 blcditationes
768 2668 852 2715 anno
875 2648 972 2715 1684.
993 2646 1072 2714 actis
1092 2645 1297 2714 Emditorum
1317 2644 1529 2740 Lipsiensium
1554 2649 1700 2734 insertas,

64 2762 124 2831 sed
150 2785 217 2832 non
241 2761 360 2832 indicat
385 2773 540 2854 quantum
560 2764 712 2854 temporis
733 2761 848 2830 exinde
869 2760 1042 2845 effluxerit,
1060 2761 1105 2830 ita
1125 2772 1160 2830 ut
1188 2764 1243 2829 vix
1264 2761 1440 2854 quidquam
1457 2765 1571 2856 conjici
1591 2765 1698 2856 possit

62 2877 116 2946 Ex
135 2877 196 2946 illis
218 2901 301 2970 quae
321 2877 364 2946 de
390 2879 510 2946 meritis
536 2879 603 2946 suis
627 2880 661 2947 in
688 2876 811 2968 analysi
836 2877 924 2962 dicit,
950 2879 1141 2968 conjecerim
1162 2876 1225 2945 hoc
1245 2880 1457 2972 fragmentum
1478 2877 1574 2971 paulo
1596 2882 1698 2949 serias

60 2996 216 3087 scriptum
236 3017 309 3062 esse
330 3016 429 3085 quam
451 2996 652 3085 sequentium
672 2991 832 3062 nonnulla.

153 3106 224 3176 ΧΠ.
248 3107 366 3178 initia
392 3110 587 3177 scientiae
613 3107 816 3202 generalis
843 3108 891 3177 de
917 3130 1021 3177 nova
1041 3108 1197 3177 ratione
1218 3109 1524 3177 instaurationis
1543 3118 1584 3178 et
1603 3132 1695 3205 aug·

63 3225 320 3292 mentationis
346 3225 627 3308 scientiarum,
652 3227 709 3292 ita
736 3233 779 3292 ut
804 3224 948 3317 exiguo
976 3234 1151 3315 tempore
1177 3233 1217 3291 et
1236 3225 1412 3315 negotio,
1441 3222 1609 3295 simodo
1631 3248 1698 3296 ac·

63 3338 138 3408 lint
175 3338 374 3423 homines,
413 3362 552 3431 magna
589 3342 782 3432 praestari
820 3341 974 3432 possint
1010 3335 1060 3406 ad
1096 3335 1304 3407 felicitatis
1335 3337 1527 3408 humanae
1561 3341 1696 3410 incre·

64 3466 248 3524 mentum
262 3495 319 3541 ¹-
363 3454 507 3524 Titulum
532 3452 618 3523 hunc
640 3452 815 3546 longiorem
849 3454 920 3547 ipse
946 3452 1120 3522 Leibnitiua
1144 3456 1320 3546 fragmento
1347 3451 1472 3539 indidit,
1497 3454 1586 3549 qnod
1612 3464 1696 3524 tam·

65 3595 167 3663 quam
185 3571 323 3641 indicem
343 3573 481 3641 continet
501 3569 553 3639 vel
573 3572 813 3662 promissionem
834 3590 948 3639 eorum
969 3592 1063 3663 quae,
1084 3570 1214 3638 menda
1234 3566 1390 3663 generalis
1403 3578 1564 3660 praestare
1584 3569 1699 3638 debeat

63 3699 121 3755 aut
141 3698 246 3779 queat

153 3802 236 3872 Xlll.
268 3802 328 3871 Dc
355 3811 497 3871 natura
524 3812 564 3870 et
587 3823 663 3868 usu
690 3802 884 3869 scientiae
916 3798 1125 3892 generalis
1170 3797 1375 3889 lnscricriptio
1403 3819 1477 3867 mea
1502 3807 1560 3866 est
1603 3796 1696 3867 llaec

63 3920 288 3987 commentatio
309 3919 510 4009 praelationis
531 3919 672 4007 speciem
692 3916 788 3984 habet
808 3925 864 3983 aut
882 3912 1130 3984 mhoductionis.

153 4033 241 4102 XlV.
263 4034 457 4126 Synapsis
484 4031 588 4115 libri,
613 4033 678 4098 cui
703 4029 849 4099 titulus
870 4031 960 4098 erit:
1005 4030 1179 4097 Scientia
1206 4049 1306 4096 nova
1327 4026 1526 4119 generalis
1548 4048 1616 4118 pro
1638 4029 1696 4098 in·

61 4151 308 4218 stauratione
328 4159 367 4218 et
395 4150 618 4242 augmentis
638 4147 892 4215 scientiarum
913 4144 961 4214 ad
982 4142 1181 4236 publicam
1202 4141 1439 4211 felicitatem
1483 4141 1604 4211 lnserui
1624 4142 1688 4212 hoc

62 4269 283 4358 fragmentum,
304 4266 356 4333 cui
377 4267 445 4355 ipse
467 4272 574 4332 noster
594 4261 719 4330 titulum
740 4263 905 4353 inscripsit,
928 4263 1002 4354 quia
1015 4260 1088 4327 inde
1103 4267 1241 4349 apparet,
1264 4281 1360 4347 quam
1374 4261 1544 4350 imaginem
1559 4261 1697 4328 universi

65 4379 226 4448 literarum
247 4380 332 4449 orbis
352 4378 526 4448 Leibnitius
547 4381 760 4472 (provectiore
786 4380 819 4448 ni
840 4377 931 4446 fallor
957 4380 1075 4462 aetate)
1097 4375 1203 4440 animo
1226 4375 1419 4464 conceperit,
1445 4396 1574 4465 quoque
1600 4374 1697 4443 modo

63 4499 95 4564 in
122 4521 225 4563 unum
252 4497 395 4589 redigere
422 4505 553 4564 conatus
580 4497 620 4561 sit
645 4496 794 4562 scientiae
820 4516 990 4562 summam
1034 4491 1203 4559 Praeterea
1229 4488 1291 4556 hoc
1313 4492 1522 4579 lragmentum
1549 4491 1695 4573 ostendit,

64 4611 255 4679 leibnitium
283 4636 367 4704 (prae
393 4616 427 4680 in
449 4610 679 4679 mathematicis
700 4621 732 4678 et
752 4609 892 4702 physicis
913 4632 953 4677 eo
980 4618 1125 4699 tempore
1148 4608 1216 4698 jam
1243 4607 1438 4695 praestiterat
1464 4628 1593 4696 semper
1613 4609 1695 4673 rele-

62 4727 162 4796 renda
184 4737 312 4818 putasse
333 4727 373 4796 ad
394 4727 554 4795 molimina
576 4725 799 4819 philosophica.

131 4841 209 4912 XV.
237 4842 444 4912 Guilielmi
470 4842 621 4913 Pacidii
647 4840 744 4911 Plus
778 4838 901 4922 ultra,
928 4839 1013 4906 sive
1041 4837 1160 4905 initia
1188 4844 1228 4903 et
1255 4835 1472 4926 specimina
1500 4835 1695 4906 scientiae

63 4957 265 5050 generalis
292 4958 339 5026 de
368 4961 664 5028 instauratione
692 4967 732 5026 et
759 4953 982 5048 augmentis
1008 4953 1268 5021 scientiarum
1296 4972 1338 5017 ac
1371 4949 1418 5017 de
1446 4950 1696 5041 perficienda

61 5086 196 5145 mente
226 5097 438 5167 rerumque
470 5073 772 5145 inventionibus
797 5069 844 5139 ad
872 5067 1070 5162 publicam
1097 5065 1344 5136 lelicitatem.
1370 5104 1416 5117 -
1449 5064 1694 5136 Oeconomia

60 5192 205 5285 operis
249 5189 412 5286 lnscnptio
434 5189 637 5262 Leibnitiana
686 5187 723 5260 ln
743 5187 875 5280 synopsi
901 5184 999 5289 modo
1025 5181 1153 5253 laudata
1171 5185 1240 5277 jam
1264 5183 1411 5251 innuerat
1438 5190 1532 5251 autor
1557 5183 1695 5267 nominis
