3706 5828
470 343 620 404 nxxxu
663 345 719 404 nn
739 346 810 405 uns
832 347 958 407 nosses
979 340 1182 408 mumma
1204 352 1288 411 xlx.
1624 356 1685 419 σει

66 500 141 558 cam,
161 485 273 541 niallam
295 482 448 542 occidentia
461 484 649 542 Euebmistica
662 486 796 560 explicari
811 504 862 562 par
900 489 930 544 iu
950 489 1094 548 itineribus
1114 492 1306 549 obsemasoent
1327 509 1462 566 quaenam
1482 498 1518 555 sit
1532 502 1591 556 mm
1610 502 1693 560 dccli·

65 574 270 647 pdruenomeua3
295 572 336 627 ita
361 587 417 628 non
437 572 492 628 erit
512 589 582 647 opus
600 575 785 633 accidentibus
803 591 860 635 non
900 577 978 634 natio
999 578 1191 651 horizontem,
1213 595 1295 651 quam
1316 581 1458 641 inclinatio
1479 588 1615 645 verticalis
1634 607 1693 649 ma-

65 658 240 733 modalibus,
254 676 327 733 quae
341 674 440 733 parum
453 661 541 733 capio
900 665 1017 738 metim,
1031 671 1060 722 et
1074 667 1279 724 observationes
1294 669 1323 723 iu
1338 671 1444 727 litteras
1457 674 1625 749 retulissent,
1646 679 1693 735 ba-

106 749 259 805 Snbtiliora
284 750 367 822 psum
390 754 454 804 sunt
471 748 621 821 qmdam,
646 763 718 821 quae
743 748 778 806 de
796 750 859 808 Deo
900 752 1027 809 beremae
1046 754 1127 811 bodie
1140 755 1310 811 liemarum
1324 758 1562 833 observationum,
1583 780 1618 820 ex
1634 766 1693 837 qui·

64 838 171 909 optima
181 836 300 909 eligente
314 836 487 892 Ruaiuset
500 835 680 893 Martinus
694 836 859 895 Peresius
901 842 954 897 bus
973 842 1088 899 leuasse
1109 840 1246 910 jamtum
1271 845 1369 913 conjici
1394 862 1427 902 ae
1447 848 1567 920 praedici
1589 858 1692 926 posset,

64 930 154 980 vester
178 924 297 997 babent,
329 930 359 981 et
384 923 538 994 indigerent
561 924 802 996 interpretatione:
828 926 858 982 in
899 927 999 984 saltem
1013 929 1043 983 in
1057 930 1161 1001 aliquot
1175 944 1272 1002 annos,
1287 946 1358 1002 queo
1372 933 1400 988 in
1421 936 1547 1007 plurimis
1563 938 1630 995 locis
1644 941 1694 997 ‹lc-

63 1026 173 1067 summa
197 1018 290 1069 tamen
315 1012 425 1068 aureis
450 1012 530 1068 raldo
552 1012 701 1067 atdrorrcre
721 1012 858 1069 videntur.
901 1016 966 1071 beat
984 1031 1046 1072 aas
1064 1018 1189 1074 variatio.
1234 1016 1315 1074 Unde
1334 1019 1481 1079 observata
1496 1026 1693 1086 variationem

63 1099 159 1173 ltaque
183 1099 286 1157 multas
311 1116 363 1173 pro
389 1099 638 1157 communicatione
665 1100 769 1171 gratias
793 1116 856 1171 ago.
879 1164 881 1170 ,
900 1104 1086 1179 mediomari,
1102 1104 1378 1176 mrijunotaquocum
1393 1110 1450 1181 poli
1465 1112 1627 1186 elevatione,
1642 1117 1692 1172 lra-

62 1188 126 1258 Ago
150 1188 234 1245 ctiam
258 1188 392 1261 plurimas
418 1204 469 1259 pro
487 1186 639 1243 Meldensis
663 1187 792 1261 miscopi
816 1190 857 1246 in·
878 1172 882 1273 f
901 1190 960 1247 beri
973 1192 1050 1248 locus
1066 1198 1172 1266 pomet3
1195 1200 1223 1248 et
1237 1192 1349 1250 tandem
1362 1198 1424 1252 crui
1438 1199 1554 1272 limitoe,
1574 1204 1693 1276 periodi,

63 1277 214 1333 structione
237 1276 385 1351 pastorali,
409 1290 495 1348 quam
517 1276 653 1348 percurri,
678 1279 707 1330 ut
726 1276 857 1333 subtilem
878 1276 881 1319 Ε
899 1279 974 1349 leges
992 1281 1168 1350 variationis,
1195 1286 1223 1336 ct
1243 1280 1361 1339 tortasse
1381 1284 1465 1341 etiam
1480 1287 1552 1343 ratio
1566 1291 1636 1345 tanti
1650 1307 1694 1347 ar·

63 1364 284 1435 protundamquo
302 1362 483 1436 deprehendo.
525 1362 597 1419 lllud
617 1378 727 1436 vereor,
748 1378 784 1419 ne
797 1366 857 1437 plu·
878 1328 970 1439 !cani.
1013 1367 1090 1424 Nihil
1110 1375 1203 1425 autern
1224 1369 1366 1444 probibet,
1398 1372 1472 1453 quod
1492 1375 1620 1432 meusim
1646 1395 1694 1434 ue-

63 1452 151 1525 rima,
176 1466 248 1525 quae
271 1450 301 1505 in
325 1451 497 1507 lausenio
521 1449 772 1523 reprehenduntur,
802 1452 858 1507 sint
878 1445 882 1535 Ι
899 1455 1020 1523 glcetnm
1031 1457 1185 1528 est,.adlrue
1198 1457 1298 1528 curari,
1313 1459 1449 1516 etseltem
1459 1463 1565 1518 consuli
1577 1466 1693 1535 posteri·

62 1538 150 1612 ipsius
168 1538 376 1613 Augustini,
400 1538 450 1611 qni
468 1538 586 1610 ipsemet
604 1537 690 1592 etiam
709 1539 809 1593 miram
824 1538 857 1595 il·
900 1542 966 1614 tati,
996 1542 1038 1597 uti
1063 1544 1178 1600 arbores
1199 1544 1322 1599 veritaris
1345 1547 1515 1617 plantamusa
1542 1551 1694 1623 saltemque

63 1625 119 1682 lam
138 1627 393 1701 interpretationem
413 1626 511 1699 babet,
534 1625 609 1698 quod
623 1626 699 1681 Deus
720 1640 776 1682 non
790 1627 857 1683 velit
899 1630 1054 1702 prohiberi,
1079 1648 1115 1686 ne
1135 1632 1235 1702 aliquis
1253 1638 1317 1703 post
1336 1634 1437 1689 inultos
1456 1651 1546 1691 arnms
1565 1637 1600 1693 do
1614 1654 1693 1711 prae·

62 1714 169 1771 salvare
181 1715 289 1785 singula
303 1729 444 1786 generum,
459 1712 506 1768 sed
520 1728 620 1783 genua
634 1714 812 1787 singulorum.
876 1748 880 1785 :
899 1722 976 1773 sente
996 1718 1120 1789 neglectu
1137 1718 1215 1789 queri
1236 1717 1300 1787 jnre
1320 1721 1421 1793 possit,
1447 1726 1479 1777 ut
1497 1740 1549 1779 nos
1568 1740 1640 1782 nime
1658 1727 1693 1784 de

104 1801 230 1859 'titulum
254 1803 438 1857 tentaminnm
463 1800 665 1875 lireodicaess,
695 1802 750 1857 nisi
774 1804 857 1858 aliter
876 1806 879 1853 Ι
898 1805 1047 1877 praeterito
1071 1806 1218 1877 querimur.
1262 1808 1359 1878 ltaque
1385 1810 1585 1882 propemodum
1603 1814 1694 1869 ansteo

59 1888 177 1962 judicas,
191 1889 295 1945 servari
311 1905 391 1962 posse
404 1892 515 1963 putem,
539 1893 582 1944 est
596 1890 670 1944 enim
684 1890 855 1947 Urcodioaea
897 1907 915 1946 a
929 1896 958 1947 te
971 1897 1073 1965 pretore,
1088 1898 1120 1949 ut
1135 1908 1193 1949 rem
1208 1892 1244 1947 ad
1258 1894 1293 1949 n.
1307 1896 1338 1950 Ι).
1353 1897 1591 1954 Ptolomaeum
1605 1900 1692 1968 (uem

60 1976 141 2048 quani
166 1976 295 2033 scientiae
319 1977 459 2050 quoddam
478 1991 578 2049 genus,
603 1977 729 2035 doctrina
752 1978 856 2034 scilieet
875 1990 878 2011 ⁵
897 1980 986 2036 multa
1014 1996 1033 2036 a
1063 1996 1108 2037 me
1135 1981 1242 2050 salute)
1270 1983 1379 2039 (icterus
1406 1983 1520 2057 ejusque
1546 1988 1693 2046 consilium

61 2064 97 2120 de
107 2064 205 2133 jusitia
220 2064 270 2138 (id
285 2070 327 2120 est
341 2064 477 2137 sapientia
490 2064 573 2120 simul
587 2070 616 2121 et
629 2066 775 2136 bonitate)
792 2066 853 2121 Dei.
897 2073 1019 2141 expetas.

105 2152 247 2216 Quaenam
267 2158 309 2208 est
323 2153 372 2207 illa
386 2152 497 2208 tandem
512 2152 636 2210 (lebnitio
650 2153 776 2210 Romana
790 2168 877 2229 cau-1
1216 2211 1334 2220 Μ,-
1354 2212 1374 2221 ,

61 2240 374 2312 assumamusque
391 2239 510 2296 multum
524 2256 680 2297 sermonem
699 2256 760 2299 esse
774 2240 854 2296 intel·
872 2239 877 2320 ξ

61 2328 132 2401 ligo,
151 2333 180 2384 et
197 2328 242 2384 cui
263 2343 293 2383 so
313 2329 397 2383 vestri
411 2328 518 2383 Romae
530 2327 700 2385 submiserat
742 2328 771 2384 Si
785 2328 855 2385 'l'ur-
874 2324 877 2393 ξ

61 2414 181 2471 noniana
201 2415 309 2471 &meta
327 2416 509 2471 metuuntur
528 2416 588 2473 sino
602 2416 806 2488 rnodemtionc,
825 2420 878 2482 et;

62 2502 116 2557 nisi
142 2503 221 2558 curm
235 2503 361 2559 Romana
385 2520 445 2559 rom
469 2504 586 2560 artiticio
610 2503 854 2577 aliquo¹ineolvit,
898 2500 1215 2560 Reverendissime
1247 2509 1364 2577 pater,
1397 2506 1515 2563 tautor
1544 2506 1691 2566 bonora-

61 2605 173 2663 nereor,
188 2605 223 2647 ne
233 2590 354 2647 Sinensis
368 2591 463 2648 missio
477 2596 648 2664 moment,
668 2590 743 2662 quod
757 2592 853 2647 nolim
874 2600 877 2657 ξ
1220 2606 1301 2663 11⁵3,
1306 2624 1363 2663 m„

60 2678 169 2752 Nescio,
185 2694 221 2735 an
242 2679 275 2734 R.
289 2679 320 2734 P.
338 2679 554 2736 'l'urnemino
577 2678 784 2751 significaveris,
809 2694 855 2734 use
874 2674 878 2745 !

59 2766 172 2822 annales
185 2766 344 2823 molientem
358 2766 423 2822 inde
435 2767 472 2823 ab
488 2766 569 2822 initio
583 2766 660 2837 regui
680 2766 799 2822 caroli
813 2767 856 2823 M.
944 2762 973 2819 Si
993 2762 1023 2819 id
1042 2761 1118 2837 quod
1138 2763 1307 2819 blonadibus
1326 2764 1519 2835 superadditur
1539 2768 1574 2823 ad
1595 2769 1693 2825 facien

56 2854 118 2922 jum
135 2854 345 2925 Carolingos
369 2854 442 2910 ultra
463 2868 549 2925 usqne
569 2854 606 2909 ad
619 2853 743 2909 &sones
757 2853 854 2928 Reges,
897 2848 963 2906 dans
977 2852 1109 2908 unionem
1123 2851 1303 2907 salutantiale
1323 2868 1496 2927 emericum,
1513 2854 1574 2922 jam
1593 2874 1694 2929 corpus

60 2942 105 2996 vel
121 2942 304 3014 imperatores
329 2942 578 3014 percutiamque
604 2940 748 2997 occasione
770 2942 856 2997 etiam
876 2990 879 2995 .
898 2938 1052 2997 substantia
1077 2938 1132 2993 clici
1153 2954 1209 2993 riou
1229 2944 1334 3011 potest,
1359 2940 1399 2994 ita
1418 2942 1494 2995 enim
1513 2956 1619 3000 mmm
1640 2947 1694 3003 crit

59 3028 204 3099 Papissam
238 3029 403 3085 discutiendi
433 3029 577 3084 umentes
607 3027 668 3082 init
717 3027 798 3092 Quod
829 3024 1051 3085 ci⁵blonadum
1071 3030 1264 3100 aggregatum,
1280 3032 1309 3083 et
1323 3042 1433 3099 serem,
1449 3044 1484 3083 ne
1497 3028 1528 3085 in
1542 3046 1617 3088 meru
1632 3049 1694 3089 cor·

60 3115 95 3171 n.
109 3114 140 3170 Ρ.
159 3116 287 3171 Daniel
312 3116 341 3171 in
363 3116 433 3187 suis,
460 3132 529 3187 quos
548 3114 600 3172 sub
621 3114 748 3171 ruanibns
763 3117 854 3187 babet,
876 3127 997 3187 ,porum
1021 3114 1211 3185 pbaenonrcnu
1237 3114 1350 3169 recidas.
1393 3116 1527 3172 lttonadea
1550 3120 1625 3175 erim
1645 3137 1695 3193 per

61 3202 229 3260 Francorum
243 3203 397 3276 annalibus,
410 3203 464 3259 buc
478 3218 565 3275 usquo
576 3204 661 3259 etiam
670 3204 810 3276 processit,
825 3203 855 3259 in
876 3204 880 3299 y
898 3216 928 3257 ss
941 3216 978 3257 ue
991 3200 1076 3257 situm
1089 3202 1200 3272 quidem
1214 3202 1286 3258 inter
1301 3218 1332 3257 se
1345 3202 1455 3277 labent,
1469 3219 1569 3277 nempe
1579 3210 1692 3281 realem,

59 3289 154 3345 multis
173 3290 256 3347 credo
274 3292 483 3365 eorrseniemus,
507 3291 579 3346 etsi
605 3306 661 3363 qua
686 3296 857 3363 superessent
876 3301 880 3401 p
898 3288 946 3359 qui
976 3287 1049 3343 ultra
1081 3287 1336 3345 Phaenomenorum
1372 3290 1498 3347 ordinem
1528 3296 1692 3364 porrigatur.

59 3376 158 3449 «lubia,
185 3394 327 3451 possemus
344 3380 477 3435 conterre.
521 3378 734 3449 Chronologiam
754 3378 794 3434 sie
813 3393 856 3434 sa·
876 3416 879 3427 .
901 3376 1088 3447 Unaquaeque
1113 3385 1156 3431 cst
1178 3375 1254 3430 reiut
1274 3383 1416 3448 scluratus
1435 3379 1550 3450 qnidam
1564 3383 1692 3455 mucidus,

59 3466 96 3520 tis
109 3468 283 3523 conutituiase
302 3466 371 3521 milri
387 3466 489 3522 videor.
534 3464 615 3531 Quod
636 3471 775 3538 amurest,
794 3465 857 3521 vale
877 3480 880 3529 ζ
898 3467 928 3518 et
952 3462 981 3517 bi
1006 3478 1056 3533 per
1081 3463 1269 3535 phaenomena
1293 3480 1343 3519 sua
1365 3466 1541 3521 consentiunt
1560 3468 1632 3523 iuter
1654 3484 1693 3541 so,

58 3556 86 3607 et
100 3555 173 3608 lusu.
826 3622 829 3629 Ι
899 3549 976 3605 nullo
989 3549 1046 3605 alio
1060 3551 1346 3623 lerseeommercio,
1362 3566 1497 3623 nexuque.

103 3640 213 3696 mbam
227 3640 389 3697 llauoverae
408 3641 457 3695 15.
474 3639 554 3696 Febr.
574 3638 670 3694 1712.
877 3687 880 3717 Ι
943 3636 971 3693 Si
986 3638 1151 3694 accidens
1164 3651 1261 3710 roms,
1276 3637 1407 3709 quiequid
1421 3638 1606 3694 substantians
1618 3654 1694 3697 eom·

1090 2380 1369 2438 EPISTOLA
1411 2382 1496 2441 XIX.

504 3726 698 3782 Dulitissimus
877 3734 880 3747 ¹
899 3724 1003 3796 pletum
1022 3727 1061 3781 ita
1079 3723 1223 3798 supponit,
1244 3730 1276 3780 ut
1295 3726 1457 3781 naturaliter
1477 3727 1538 3780 sine
1557 3726 1618 3797 ipsa
1632 3742 1693 3783 esse

398 3815 434 3869 G.
462 3815 499 3870 G.
528 3812 789 3871 boibnitius.
876 3817 1031 3886 =neqneat,
1058 3828 1115 3869 non
1128 3812 1263 3884 explicas,
1284 3812 1385 3885 inquo
1403 3813 1535 3869 coruunt
1549 3814 1593 3886 id,
1617 3811 1693 3884 quod

104 3900 137 3957 P.
162 3902 189 3956 S.
232 3899 318 3957 Venit
331 3900 480 3973 aliquando
506 3902 536 3957 in
557 3906 678 3957 mentem
698 3904 803 3972 optare.
824 3905 856 3956 ut
876 3856 880 3941 i
899 3900 1032 3956 accidenti
1050 3906 1093 3957 est
1112 3899 1270 3971 enuntiato,
1297 3905 1327 3954 et
1346 3915 1403 3971 qno
1417 3902 1501 3955 etiam
1515 3900 1545 3955 in
1559 3906 1632 3957 statu
1646 3917 1692 3958 su·

59 3989 185 4045 virorum
211 3993 319 4045 restrae
344 3989 482 4045 societatis
507 3990 538 4046 in
558 3990 642 4045 relius
658 3988 857 4044 blatlremutiois
877 3982 881 4035 ἕ
898 3990 1065 4060 pernaturali
1084 4004 1103 4043 a
1122 3986 1276 4044 substantia
1296 3987 1427 4059 distingui
1448 3988 1538 4045 debet.
1582 3988 1692 4062 Peripa·

58 4081 230 4133 ssrmtonnn
251 4093 305 4150 epe
329 4078 535 4133 observationes
561 4076 723 4133 variationis
744 4074 856 4143 Magne·
877 4076 974 4142 {tetici
993 4078 1107 4132 ouinino
1126 4075 1230 4146 aliquid
1249 4074 1428 4130 substantiale
1449 4080 1601 4146 agnoscunt
1614 4092 1693 4147 prae-

58 4166 129 4221 ticae
142 4181 192 4238 per
205 4166 302 4221 orbem
316 4164 492 4221 ‹urstinuatae
506 4180 641 4221 annorum
655 4163 754 4235 stulto,
769 4164 854 4220 eolla·
877 4172 881 4183 ’
898 4166 941 4219 ter
954 4161 1104 4234 Monades,
1127 4161 1232 4231 alioqui
1252 4162 1400 4218 amandum
1421 4162 1497 4234 ipsos
1515 4162 1608 4218 nullae
1626 4163 1692 4220 sub-

59 4255 142 4321 taquo
170 4268 271 4325 opem,
293 4252 516 4327 instituerentur,
540 4267 679 4325 quaeres
697 4250 798 4305 snrnmi
812 4255 855 4307 est
877 4237 1014 4307 {nuntiae
1046 4252 1155 4323 praeter
1180 4247 1317 4305 Monades
1343 4251 1441 4305 torem.
1493 4249 1529 4305 Et
1560 4252 1692 4307 monades

59 4340 191 4394 trionumi
204 4339 241 4396 ad
253 4340 458 4413 Geograpbiam
472 4345 500 4397 et
513 4340 710 4411 navigationes,
725 4342 753 4392 et
766 4338 855 4393 auul-
877 4313 881 4383 i
897 4354 954 4394 non
974 4338 1145 4394 constituunt
1169 4337 1350 4393 somnium
1370 4338 1535 4409 completam
1555 4338 1691 4410 oonrposi·

59 4424 94 4479 lis
118 4423 182 4480 aliis
205 4428 377 4485 commodius
401 4428 461 4485 tlcri
487 4432 585 4500 ponet.
631 4428 698 4482 Post
718 4424 855 4481 Gilbor·
898 4430 964 4498 tam,
979 4441 1044 4482 eum
1058 4440 1116 4481 non
1130 4424 1233 4479 iaciant
1247 4440 1332 4480 unum
1347 4416 1512 4497 persuassi
1527 4439 1691 4495 merumag·

58 4517 118 4568 tum
138 4512 274 4585 Aegium,
299 4516 347 4586 qui
370 4516 476 4587 prirnus
496 4516 577 4585 nujus
597 4514 739 4571 doetrinae
758 4512 853 4569 timda·
896 4520 1054 4586 mptum,
1076 4511 1132 4566 arisi
1151 4510 1263 4582 aliquod
1287 4512 1467 4571 substantiata
1487 4512 1625 4569 sitientum
1647 4528 1691 4568 ao-

57 4605 152 4655 menta
166 4600 274 4673 posuit,
286 4616 369 4657 neruo
383 4602 482 4657 nrelius
500 4603 535 4657 da
549 4601 709 4672 magnetieis
723 4600 854 4655 observa·
895 4601 982 4657 aedat.

57 4686 180 4743 tionibus
200 4686 316 4743 meritus
329 4692 385 4760 est,
411 4704 495 4760 quam
511 4691 610 4762 rasni,
634 4704 754 4761 quorum
768 4688 852 4743 etium
939 4688 983 4743 Ex
997 4687 1149 4744 Hannoma
1168 4701 1225 4743 nou
1245 4688 1334 4757 potest
1349 4685 1476 4758 probari,
1497 4685 1600 4756 aliquid
1615 4682 1692 4739 alind

55 4774 133 4843 juata
146 4790 233 4846 opera
246 4778 358 4846 exunt,
372 4776 543 4849 Galraeus,
558 4776 758 4849 Kircborus,
773 4774 853 4833 beo·
894 4790 957 4831 essa
985 4776 1016 4832 in
1046 4775 1226 4849 corporibus,
1258 4789 1342 4845 quam
1370 4774 1571 4831 Phaenomena.
1617 4770 1691 4827 Nam

58 4860 200 4933 taudus,
215 4862 273 4917 alii.
316 4862 397 4927 erod
417 4863 442 4919 si
456 4864 539 4919 cestui
553 4864 603 4937 qui
615 4878 665 4935 per
677 4862 776 4919 ortrem
789 4862 854 4921 inde
894 4862 1005 4920 aliunde
1029 4868 1154 4935 constat,
1177 4860 1360 4918 Hannoniam
1378 4862 1636 4918 Phaenomonorum
1662 4860 1691 4913 iu

59 4949 252 5007 altircbori
272 4951 460 5026 temporibus,
483 4950 662 5025 quotannis,
687 4950 852 5023 ubicunque,
894 4950 1039 5007 animabus
1058 4966 1115 5007 non
1133 4949 1201 5006 oriri
1215 4964 1252 5006 es
1266 4950 1372 5005 induam
1387 4962 1547 5020 corporum,
1568 4945 1617 5000 scd
1632 4961 1692 4999 csse

59 5034 261 5097 Matbemutum
276 5040 359 5114 lteriti
374 5044 473 5113 agunt,
487 5040 548 5097 sive
562 5040 626 5098 lixis
646 5038 774 5113 aditu,
794 5040 854 5096 sies
895 5037 1129 5114 praestabilium,
1150 5037 1234 5112 idque
1247 5037 1384 5096 musea
1398 5037 1422 5093 si
1437 5036 1512 5092 solae
1526 5036 1619 5091 essem
1632 5034 1692 5090 ani-
