3706 5828
548 310 581 366 V.
609 309 661 367 DE
679 309 785 366 stilo
802 309 1063 368 mfflusorffloo
1078 310 1223 369 arzorn.
1486 315 1489 320 '
1659 302 1702 368 57

65 457 141 509 sunt.
170 452 263 518 Quare
281 466 339 508 nou
359 457 427 525 puto
446 452 608 527 prudentem
623 468 778 526 quenquam
793 452 861 507 milri
913 458 986 508 sunt.
1030 452 1159 525 Inprimis
1183 469 1249 510 veru
1269 455 1342 526 apud
1363 455 1515 511 Gemmnos
1534 454 1700 513 Herman-

64 543 139 598 vitio
157 555 300 598 versuum
320 540 394 612 quod
415 541 446 596 in
465 542 577 597 caeteris
599 542 701 613 passim
719 541 860 612 probatur.
912 558 976 597 nus
996 542 1221 614 Conringius,
1243 543 1317 614 apud
1336 544 1431 599 Gallos
1450 544 1593 601 Gabriel
1612 545 1701 602 Nau·

64 633 149 687 Certe
162 630 264 686 eruditi
278 629 319 685 illi
333 629 418 701 Angli
438 630 487 701 qui
507 635 550 686 tot
563 629 682 685 aliorum
704 629 812 685 labores
831 630 861 684 in
912 630 1033 702 dacus,
1053 631 1137 686 ambo
1159 630 1235 687 varie
1253 631 1442 704 ubenimeque
1465 632 1555 706 docti,
1581 633 1701 690 aliorum

64 720 232 792 scripseram
246 733 352 774 sacrem
367 732 423 774 uno
437 717 591 774 bibliorum
605 719 770 775 criticorum
784 718 860 774 volu·
912 720 1001 774 foetus
1016 735 1101 791 prope
1114 720 1256 792 expositos
1269 723 1299 775 et
1312 720 1433 776 ‹lmertos
1447 738 1601 794 sucepere:
1615 722 1701 779 Nau·

66 808 145 864 mine
158 806 297 879 complexi
311 811 384 877 saut,
400 806 526 862 omnium
540 807 667 880 plausum
680 806 775 863 auae.
801 806 860 862 Jo·
912 807 1017 863 daeus
1028 807 1145 880 Niphi,
1162 807 1327 879 Carrlani,
1344 809 1603 882 campanellam
1617 811 1700 867 Con·

64 897 198 954 bannos
224 894 415 951 Ficbardus
434 895 518 950 JCtus
542 894 775 952 Francotmtensis
799 894 861 951 dili·
910 895 1315 968 ringiusipsiush'audaei
1330 897 1700 970 etScioppiiMacbia·

65 991 178 1059 gemtem
201 999 315 1057 operam
340 983 434 1055 dabat,
460 987 492 1039 ut
509 984 721 1047 Jurisconsultoe
739 983 861 1056 egregios
911 983 1013 1056 velli,
1043 984 1207 1057 Hopperi,
1238 985 1491 1059 claramontii,
1520 988 1699 1044 Sthrovol·

65 1092 118 1148 per
131 1071 243 1130 ltaliam
261 1071 477 1144 Hispaniamque
496 1072 593 1144 editos,
614 1078 643 1129 et
662 1073 693 1128 in
711 1071 860 1128 Germania
911 1072 991 1144 scii,
1013 1072 1215 1145 Cassandri,
1242 1073 1398 1147 Wieelii,
1419 1075 1541 1131 Viotti
1586 1076 1637 1131 llis
1656 1082 1700 1134 tot

65 1161 396 1219 invmtumrosittratae
406 1160 522 1216 erlitioni
536 1166 693 1218 maturaret.
714 1161 860 1217 Laurcn-
911 1161 1048 1232 martisque
1065 1161 1167 1217 corneis
1192 1162 1358 1234 vituperium
1376 1167 1526 1236 notamque
1551 1164 1698 1241 incurrens,

66 1252 140 1308 tius
153 1249 342 1321 Strausius,
357 1248 488 1323 Medicus,
500 1250 622 1306 editione
631 1250 731 1306 theatri
744 1251 859 1322 Sympa·
909 1249 1036 1322 equidem
1051 1266 1148 1322 parum
1161 1249 1365 1306 formidandum
1375 1250 1479 1320 judico.

65 1339 164 1396 thetici
189 1338 382 1409 varianturque
397 1339 533 1409 opusculis
546 1339 578 1394 ιιι
592 1355 626 1394 eo
644 1338 765 1407 junctim
784 1355 859 1394 recu·
953 1338 990 1395 11.
1012 1338 1101 1410 Nunc,
1117 1339 1153 1394 ad
1167 1343 1292 1394 autorem
1305 1339 1405 1413 ipsum,
1421 1356 1503 1413 quem
1518 1340 1637 1415 edemus,
1656 1359 1701 1400 ar·

66 1429 115 1500 sis,
130 1443 231 1500 operae
245 1430 318 1483 certe
333 1426 452 1499 pretium
467 1427 537 1483 lecit
566 1427 635 1492 Quis
649 1427 764 1500 ιιιςιιιιι
779 1431 859 1499 trpe-
909 1431 1122 1498 gumeutumque
1136 1426 1211 1499 quod
1225 1431 1334 1500 tractat,
1355 1429 1540 1486 accedendum
1560 1434 1608 1486 est.
1630 1430 1700 1487 lde·
1722 1448 1727 1503 χ

65 1516 211 1590 gnaqurim
221 1515 412 1587 parisiensem,
424 1515 633 1589 Elzev‘irios,
646 1516 859 1587 Blaviosque
907 1515 997 1571 rium
1007 1515 1184 1571 Nizolium
1194 1514 1390 1571 Brixellensem
1405 1517 1480 1573 orbis
1493 1519 1616 1575 auditus
1630 1536 1701 1592 pene
1725 1514 1729 1579 i

66 1622 127 1662 nou
145 1604 249 1675 laudat,
264 1605 311 1676 qui
332 1604 389 1659 suis
403 1603 448 1659 vel
468 1604 583 1676 ιιοιιιιιι,
603 1604 734 1676 historiis,
756 1619 859 1659 mento·
908 1604 1017 1676 penitus
1030 1603 1112 1660 credo
1127 1604 1274 1677 ignoraret,
1289 1604 1345 1659 nisi
1360 1606 1545 1676 grammaticis
1559 1607 1700 1664 laboribus

64 1695 160 1766 ιιιιιι·7
181 1693 226 1748 vel
246 1691 456 1765 Rebuspublicis
475 1693 521 1748 vel
541 1693 701 1749 Atlantibm
721 1697 763 1748 tot
781 1709 859 1765 prae·
908 1692 1087 1762 inelanrieset,
1113 1692 1214 1764 quibus
1239 1693 1338 1748 merito
1362 1693 1431 1748 illud
1457 1694 1640 1766 Virgiliauum
1665 1697 1701 1752 de

64 1784 142 1840 ema
155 1786 335 1838 monumenta
349 1799 398 1855 per
411 1781 593 1837 Bibliothecae
612 1782 736 1854 alioquin
749 1781 859 1836 latitan·
909 1781 1008 1855 apibus
1026 1781 1202 1837 accomodes:
1226 1780 1260 1836 ln
1279 1781 1355 1837 tenui
1374 1783 1468 1854 labor,
1490 1787 1520 1838 at
1535 1785 1624 1839 tenuis
1644 1800 1702 1842 non

65 1872 107 1928 tia
120 1871 153 1926 iu
166 1871 227 1926 luce
240 1876 355 1942 penum
392 1869 470 1925 idem
484 1870 636 1927 editoribus
650 1870 757 1926 velleris
770 1869 858 1939 aurci,
909 1869 1004 1941 gloria

64 1960 136 2017 artis
148 1958 293 2030 auriferae,
307 1963 337 2015 et
350 1959 449 2014 theatri
463 1959 581 2014 (lremici
595 1975 693 2032 soopm
707 1958 768 2031 t'uit,
785 1959 860 2030 quod
953 1959 990 2014 Et
1004 1956 1045 2013 ιιι
1059 1974 1141 2032 saepe
1154 1960 1257 2015 factum
1271 1963 1322 2032 est,
1337 1963 1370 2014 ut
1383 1959 1436 2014 viri
1448 1959 1521 2016 docti
1536 1960 1571 2016 iis
1581 1961 1702 2018 manime

65 2049 109 2106 illi
129 2064 194 2103 cum
213 2047 353 2120 vobrptate
372 2047 502 2119 sentiunt,
522 2048 569 2120 qui
592 2046 633 2102 lris
652 2047 750 2103 studiis
764 2046 858 2119 dediti,
910 2047 1018 2119 scriptis
1032 2049 1135 2102 sarnam
1155 2047 1310 2120 impetrant,
1330 2048 1461 2120 aquibus
1482 2048 1597 2106 minime
1610 2067 1702 2149 spem

65 2136 246 2209 cenquirendi
279 2139 308 2192 ct
337 2135 423 2192 multa
454 2136 529 2191 velut
553 2152 653 2191 arcarra
677 2135 858 2207 describendi,
910 2137 988 2192 bant
1031 2135 1099 2199 Quis
1127 2136 1203 2191 enim
1231 2135 1339 2192 dubitet
1364 2136 1538 2193 Nizolium
1568 2138 1721 2208 mucram,-

65 2242 138 2298 quae
151 2241 226 2281 num
239 2224 318 2282 lacile
332 2224 468 2297 parabilia
481 2228 553 2295 sunt,
569 2223 762 2280 molestissimo
777 2240 860 2280 onere
910 2222 1389 2307 sihicelebritatemal‘hilosopbiae
1403 2225 1608 2284 deformatione
1573 2243 1703 2300 nquam

65 2315 203 2371 levantur.
235 2313 255 2368 J
258 2327 323 2369 ano
338 2313 491 2368 Grutero
503 2313 675 2384 antiquitatis
689 2317 717 2368 ct
731 2313 860 2369 historiae
910 2311 1254 2384 animocomplectebatur,
1266 2313 1423 2385 quamillis,
1435 2314 1499 2368 ut
1476 2331 1516 2369 src
1527 2315 1625 2387 dicam,
1632 2317 1703 2373 Con·

66 2403 185 2459 summi
199 2407 324 2458 aeternas
339 2401 440 2474 gratias
450 2401 589 2472 deberent,
604 2401 690 2456 ctiam
704 2419 729 2456 sr
720 2401 811 2457 nihil
825 2400 860 2455 de
910 2400 1059 2457 cordautiis
1073 2400 1259 2457 Cicemniauis
1274 2400 1445 2475 pollicituml
1467 2406 1496 2457 et
1509 2407 1601 2459 umen
1615 2404 1709 2489 ludex

66 2509 128 2565 mo,
142 2490 192 2547 scd
206 2491 334 2546 collectos
349 2494 457 2546 tanturn
471 2489 589 2546 alionnn
604 2489 764 2545 utilissimos
784 2490 860 2546 labo·
910 2489 1105 2546 Ciceronianus
1118 2489 1199 2545 (lutat
1213 2490 1412 2561 duraturusquc
1430 2493 1473 2545 est
1492 2492 1652 2562 quamdiu
1641 2480 1704 2566 ipse

65 2599 111 2638 ras
124 2580 208 2636 tum
200 2596 230 2635 ιιι
244 2580 303 2635 face
317 2578 427 2649 Critiae,
448 2580 530 2634 trun
522 2596 552 2635 m
566 2577 700 2634 Οιιιοιιιιο
714 2578 860 2634 (luemco-
884 2598 887 2641 t
910 2578 1043 2650 Cicero,
953 2553 1235 2650 &Philosophia
1248 2578 1394 2634 b'izoliana
1404 2596 1490 2652 prope
1503 2579 1608 2654 inipso
1623 2586 1703 2653 partu

64 2686 129 2726 rum
154 2668 267 2742 politico
293 2664 357 2736 (ubi
382 2683 484 2723 nomen
513 2684 594 2723 suum
619 2668 671 2723 sub
697 2644 887 2723 Gualteri'
910 2665 1120 2723 suffocationem
1133 2666 1332 2740 acgmetfugit
1365 2667 1541 2739 Nonignoro
1555 2668 1704 2737 Majora·

66 2759 169 2830 Belgae
182 2757 294 2813 nomine
308 2772 365 2811 nou
379 2756 531 2812 necesaria
545 2755 708 2812 verecundia
728 2756 860 2823 occuluit)
884 2722 888 2829 ι
911 2755 960 2829 gii
974 2760 1003 2811 et
1017 2755 1167 2829 Grit'oli,
1189 2755 1329 2811 occasione
1350 2756 1407 2811 litis
1421 2772 1504 2829 quam
1520 2757 1704 2815 Ciceronis

66 2845 162 2903 incudi
176 2845 346 2902 reddidimet
390 2844 443 2901 Sed
463 2861 481 2900 a
498 2844 658 2900 collectione
677 2844 816 2900 variomm
831 2844 861 2899 in
912 2844 1010 2901 ciliciis
1040 2843 1275 2916 ualeagninus
1304 2849 1438 2916 moverat,
1468 2845 1704 2919 indignationem

66 2951 155 2992 rmum
169 2934 206 2990 ad
219 2938 294 2990 certa
308 2936 478 2990 cartorumve
492 2938 634 2989 auctomm
650 2932 752 3006 scripta
770 2949 862 2989 reccu-
885 2842 888 2979 ι
911 2938 972 2988 mm
985 2932 1174 2988 Henrieum
1188 2933 1400 3005 Stephanum
1415 2934 1444 2990 in
1464 2933 1609 2992 Nizolio
1627 2936 1704 2992 dida·

64 3025 121 3081 sita
138 3022 290 3079 veniamus
332 3022 502 3078 Blandum
528 3021 744 3094 Vorhurgius
768 3014 1060 3095 rendlaesham
1077 3021 1215 3077 monitore
1233 3020 1476 3078 Ciceroniauomm
1497 3019 1705 3080 Nizolianorum

66 3113 141 3183 ierit,
156 3110 370 3184 Onuphrium
389 3111 431 3167 de
450 3111 615 3167 Comitiis
634 3110 702 3166 olim
721 3106 889 3167 Hortis-t
886 3110 1033 3205 dialogo,
1062 3114 1095 3165 ut
1123 3109 1269 3183 inscripsit,
1299 3111 1391 3166 minus
1419 3127 1574 3183 aequumr
1563 3112 1704 3169 Nizolio

64 3201 169 3259 derus
187 3199 283 3295 edidit,
298 3203 327 3254 et
341 3215 410 3255 mox
430 3216 492 3255 cum
511 3199 703 3271 supplemento
724 3199 788 3255 edet
808 3214 862 3251 avo·
886 3164 889 3255 ι
912 3199 1005 3272 tuisse,
1026 3203 1086 3254 eta
1101 3198 1208 3254 Criticis
1229 3214 1292 3254 cum
1306 3200 1410 3272 passim
1424 3201 1483 3256 alto
1497 3201 1644 3274 supercilio
1658 3202 1705 3257 de·

65 3271 309 3362 ιιυμιαὲέςατος
324 3288 544 3347 Lambccius·
560 3287 704 3343 Grotius
913 3287 997 3359 spici3
1028 3286 1077 3343 sed
1107 3287 1294 3343 Hearicum
1324 3288 1535 3362 Stephanum
1560 3290 1705 3363 peculiaris

108 3377 244 3441 --Qrod
259 3376 450 3433 Cassandri
464 3393 573 3432 veracia
585 3376 693 3449 Scripta
707 3379 833 3432 teruntur
912 3390 996 3432 causa
1021 3375 1132 3447 impulit
1155 3376 1230 3447 quod
1256 3377 1377 3448 parantis
1403 3376 1446 3432 sui
1467 3377 1610 3433 Roberti
1629 3379 1705 3433 Ste-

166 3464 338 3521 Cordesio
354 3469 444 3537 grates
458 3464 524 3521 haee
539 3465 612 3521 bona
627 3468 739 3537 propter
752 3464 819 3535 agit.
913 3463 1018 3538 phani
1032 3464 1171 3521 Thesauro
1186 3464 1288 3520 latinae
1302 3465 1412 3538 lingrme
1426 3466 1544 3521 multum
1558 3466 1704 3521 Ninoliano

108 3555 252 3611 masmim
266 3569 417 3625 recursare,
433 3554 594 3626 emaculare,
613 3557 643 3608 et
656 3552 809 3624 defendere,
831 3555 864 3608 ut
913 3569 996 3626 opere
1010 3552 1136 3625 derogari
1147 3557 1284 3623 eemcret3
1298 3554 1398 3609 caeteri
1408 3553 1460 3609 viri
1471 3554 1534 3609 licet
1545 3553 1704 3625 doctissimi,

64 3649 93 3702 at
107 3643 203 3713 audio,
219 3642 403 3698 destinaverat
417 3641 693 3698 blallincrotius.
722 3640 862 3696 Allatiaua
913 3642 960 3714 qui
976 3637 1151 3697 Nizolium
1167 3641 1318 3713 fastidiunt,
1334 3642 1359 3696 si
1375 3642 1405 3697 iu
1419 3641 1566 3697 Nizoliana
1580 3646 1705 3714 tempora

65 3739 95 3789 ct
108 3731 228 3789 Nisam
241 3730 315 3804 typis
329 3731 440 3786 Batavis
454 3730 545 3786 emisit
560 3729 744 3801 Nihusius3
766 3729 863 3785 Gali·
913 3730 1081 3801 incidissent,
1096 3729 1177 3786 credo
1196 3729 1277 3786 aliter
1294 3730 1435 3785 sentirent
1478 3730 1564 3786 Aliud
1584 3733 1705 3804 proiecto

65 3821 137 3879 laci
150 3819 338 3876 institutiones
352 3819 566 3891 Gassendus,
587 3817 712 3886 ejusdcm
730 3818 862 3874 circinum
910 3817 1046 3886 judicavit
1064 3818 1202 3874 Caelius
1223 3819 1399 3874 Secundus
1418 3818 1537 3890 Curio,
1559 3819 1602 3874 vir
1625 3820 1706 3893 longe

65 3909 306 3982 Pnoportionalem
321 3909 578 3980 Berneggerus,
595 3906 679 3963 ambo
693 3906 746 3962 viri
761 3923 818 3962 non
832 3905 862 3961 ιιι
904 3907 1171 3979 ,μιιιιιιιιιιιιιιιιι
1190 3907 1239 3978 qui
1258 3907 1367 3963 conscio
1387 3924 1420 3963 ac
1439 3908 1625 3964 consentiente
1644 3908 1706 3982 ipso

66 3997 186 4055 nnthesi
199 3997 295 4068 magis,
316 4013 400 4069 quam
414 3997 491 4052 omui
505 3995 659 4052 eruditione
673 3994 861 4066 versatissimi,
913 3995 1055 4052 Nizolio
1070 3995 1169 4052 indicis
1179 3995 1350 4051 Cicmoniani
1363 3995 1604 4068 locupletationem
1619 4013 1651 4052 ae
1665 4015 1706 4052 re

64 4088 139 4145 alter
151 4086 184 4143 iu
197 4086 355 4158 Germania,
377 4085 447 4142 alter
467 4085 497 4139 ιιι
515 4083 617 4154 Gallia,
636 4088 768 4140 renovata
788 4088 863 4139 veste
913 4084 1072 4141 censionem
1089 4084 1120 4139 in
1133 4101 1164 4139 se
1177 4084 1310 4156 suscepit3
1329 4084 1427 4140 eodem
1447 4085 1594 4142 incubuere
1608 4085 1706 4141 Basi-

67 4176 225 4232 maneant.
252 4173 461 4247 Rerueggeri
475 4172 557 4242 hujus
571 4172 704 4245 synopsin
718 4172 863 4244 Lipsiauae
913 4172 1187 4244 liusZanchius,
1207 4172 1393 4229 Marcellus
1413 4173 1705 4247 Squereialupus‚

67 4263 200 4337 politicae
226 4262 400 4319 doctissimus
433 4262 507 4318 Joh
537 4261 694 4317 Andreas
723 4260 862 4332 Bosius,
914 4263 1024 4319 etJac
1040 4260 1217 4317 Cellarius
1232 4261 1417 4334 Augustanus.

66 4350 526 4425 GlapmarinmScbookius,
542 4349 753 4405 Wowerium
772 4351 864 4423 apla-
959 4351 1008 4407 Ill.
1030 4350 1077 4405 Ad
1101 4348 1301 4422 philosophicas
1327 4355 1420 4407 autem
1440 4351 1632 4408 meditationes
1656 4351 1707 4408 hac

66 4439 108 4514 gii
134 4438 396 4513 impactotrimiue
420 4438 589 4494 vindicatum
613 4438 795 4494 solidissimae
821 4438 864 4493 vir
916 4439 977 4511 ipsa
991 4437 1117 4511 diligenti
1131 4437 1311 4494 Ciceronis
1326 4439 1444 4495 laetioue
1463 4439 1571 4495 venisse
1589 4440 1705 4496 videtur.

66 4528 233 4586 σιιιιιιοιιιι
250 4529 404 4586 lacobus
417 4527 642 4598 Thomasius,
657 4526 802 4582 Saldeni
817 4525 865 4595 jus
916 4529 1008 4592 Quum
1028 4526 1104 4582 euim
1123 4526 1229 4583 videret
1243 4528 1452 4584 subtilissmrum
1467 4544 1602 4609 quemque
1616 4527 1706 4584 Philo-

66 4623 186 4675 ulma
199 4621 230 4674 et
243 4617 373 4675 Gentium
389 4615 433 4685 (et
450 4617 590 4672 Aeneae
609 4614 721 4684 Sylvii
742 4615 866 4671 Fride·
916 4615 1027 4689 sophiae
1046 4615 1137 4670 locum
1159 4615 1194 4671 dc
1212 4616 1283 4686 Diis,
1303 4616 1338 4672 de
1358 4618 1416 4672 tato
1436 4621 1464 4673 et
1478 4617 1657 4686 divinatione,
1672 4617 1707 4672 de

67 4706 180 4763 ticum
198 4705 247 4761 111
267 4705 426 4780 propediem
452 4695 587 4778 editurus)
607 4704 790 4760 Boeclerus
814 4720 865 4759 sno
916 4721 1008 4760 rerum
1027 4703 1136 4775 tinibus,
1163 4703 1198 4760 de
1222 4704 1376 4778 diffmendi,
1402 4705 1561 4761 inveniendi
1584 4703 1707 4772 acjudi-

67 4794 170 4851 mue
188 4794 274 4866 longe
291 4793 491 4864 celeberrimis,
512 4793 604 4849 denuo
624 4791 795 4865 produxere3
815 4809 866 4847 nec
916 4792 997 4848 candi
1011 4796 1080 4863 arte,
1096 4792 1131 4848 de
1145 4793 1223 4848 omni
1237 4797 1315 4865 parte
1328 4793 1506 4866 Reipublicae
1520 4810 1553 4849 ac
1566 4792 1640 4848 vitae
1659 4792 1708 4849 hu·

67 4882 280 4941 Franciscus
293 4882 488 4939 Mercurius
509 4880 734 4944 Helmoutius
753 4880 865 4954 ingenio
917 4896 1016 4937 marrae
1029 4881 1131 4937 officiis
1145 4898 1164 4937 a
1177 4880 1345 4938 Cicerone
1363 4887 1488 4938 accurate
1507 4881 1598 4952 simul,
1619 4884 1648 4937 et
1668 4881 1707 4937 la·

66 4988 120 5029 nn
132 4971 282 5043 indigum
295 4971 376 5029 duxit
390 4971 576 5031 Octavium
590 4969 714 5025 Pisani
727 4969 866 5027 notiorem
916 4969 982 5040 tine,
998 4973 1027 5025 et
1041 4970 1206 5041 luculenter,
1222 4986 1259 5027 ne
1274 4971 1366 5027 dicam
1385 4970 1522 5070 elcgaqter
1535 4974 1565 5025 et
1578 4922 1706 5040 ribertim,

67 5060 132 5119 arni
152 5059 282 5132 malem,
303 5066 364 5116 tum
382 5058 536 5115 Jacobus
561 5074 670 5131 quoque
688 5059 865 5115 Matenius
917 5061 1065 5114 tractatrrm
1079 5075 1153 5129 esse,
1168 5059 1330 5115 Nizolius
1344 5062 1438 5114 noster
1452 5058 1496 5113 vir
1509 5062 1604 5114 acutus
1617 5064 1646 5115 et
1659 5060 1708 5116 bo·

68 5148 228 5206 Broweri
241 5143 418 5205 Trevirarrses
432 5147 554 5203 Annales
568 5146 664 5218 edidit,
679 5151 708 5204 et
722 5147 774 5204 sub
788 5116 872 5221 prelo
916 5163 979 5217 nus,
999 5163 1057 5203 non
1077 5147 1168 5203 solum
1187 5146 1324 5220 despicere
1344 5147 1442 5204 merito
1461 5148 1552 5221 coepit
1573 5147 1709 5204 infelicem
