3706 5828
839 464 919 556 lx.

596 639 1143 732 MEDITATIONES

225 950 728 1098 COGNITIONE,
751 810 1145 1074 vniiITATE
1168 955 1271 1074 ET
1294 955 1519 1076 IDEIS.

742 1286 1009 1378 1684.

791 1488 954 1498 ι--οη

80 1590 169 1647 (Acta
184 1590 341 1638 :rublorum
358 1587 525 1643 Llusleuslum
542 1597 600 1633 aun.
620 1587 697 1637 11184.
714 1591 777 1635 xcv.
795 1601 821 1644 u.
836 1589 895 1636 581.
913 1609 949 1618 -
966 1589 1072 1637 Leluu.
1090 1591 1151 1645 opu.
1175 1590 1212 1636 eu.
1230 1592 1350 1637 notens
1367 1591 1434 1635 num.
1444 1592 1480 1650 11,
1494 1593 1522 1637 Ρ.
1534 1594 1557 1638 1.
1575 1605 1600 1648 u.
1612 1590 1667 1648 u.)

772 1732 981 1743 ——-—-.—..

105 1866 801 1941 Quoniambodieintervirosagregiosdcveris,
820 1873 849 1923 et
873 1866 877 1941 ξ
899 1870 999 1927 resolvi
1022 1888 1111 1944 posse,
1138 1870 1240 1944 quippe
1263 1886 1327 1927 cum
1350 1886 1446 1927 musas
1470 1887 1533 1927 suus
1557 1872 1684 1930 habeant

61 1962 140 2019 taleis
153 1960 222 2017 ideis
240 1957 441 2015 conmoversiao
458 1957 608 2029 agitantur,
627 1973 712 2030 eaque
730 1974 773 2013 res
791 1972 849 2013 ma·
873 1952 876 1959 '
898 1959 1029 2016 Similiter
1048 1958 1170 2015 videmus
1189 1958 1306 2033 pictores
1323 1959 1446 2032 aliosque
1464 1960 1580 2018 artificas
1598 1963 1685 2034 probe

61 2051 111 2123 gni
129 2049 168 2106 ad
186 2047 329 2104 veritatem
353 2047 568 2118 eogrioscendam
591 2045 724 2103 momenti
742 2050 798 2117 cst,
818 2044 849 2101 in
898 2064 1067 2121 cognoscere,
1083 2047 1149 2119 quid
1163 2052 1244 2122 recte,
1266 2046 1332 2119 quid
1351 2047 1449 2104 vitiose
1467 2051 1570 2105 tactum
1588 2050 1635 2124 sit,
1654 2056 1686 2107 at

60 2156 118 2212 qm
136 2154 188 2193 nec
212 2136 269 2209 ipse
288 2134 467 2192 Cartesius
491 2150 681 2207 usquequaque
704 2134 848 2206 satisfecitq
894 2135 993 2205 judicii
1017 2136 1060 2191 sui
1084 2135 1220 2192 rationem
1243 2136 1355 2193 reddere
1372 2152 1455 2210 saepe
1472 2154 1529 2193 non
1549 2155 1638 2212 posse,
1656 2144 1686 2196 et

61 2229 154 2302 placet
174 2225 240 2298 quid
258 2224 326 2280 mihi
351 2224 386 2279 de
405 2223 606 2280 discriminibus
628 2228 710 2296 atque
732 2222 848 2280 criteriis
899 2225 1039 2297 quaerenti
1064 2224 1161 2296 (licere,
1181 2241 1211 2280 sa
1229 2225 1260 2281 iu
1277 2241 1316 2297 ro,
1339 2240 1409 2297 quae
1428 2224 1560 2300 displicet,
1580 2227 1685 2284 deside

61 2318 188 2372 idenmm
207 2318 236 2369 et
254 2312 441 2386 cognitionum
459 2311 633 2367 statuendum
650 2313 782 2383 videatur,
802 2328 849 2367 ex·
898 2329 960 2369 rare
978 2312 1098 2369 nescio
1123 2312 1214 2385 quid.
1256 2313 1297 2369 At
1321 2312 1495 2370 distincta
1519 2314 1618 2371 notio
1643 2320 1685 2372 ast

62 2406 166 2478 plicare
185 2403 285 2475 qnueis
319 2401 371 2457 Est
390 2418 455 2473 ergo
469 2399 590 2473 coguritio
603 2401 646 2456 vel
661 2402 784 2472 omma,
805 2400 849 2455 vel
898 2403 1007 2474 qualem
1020 2403 1135 2457 deamo
1149 2401 1251 2457 habent
1265 2401 1440 2458 Docinmstae
1452 2419 1501 2475 per
1514 2406 1595 2459 notas
1614 2403 1684 2459 scili·

60 2495 174 2563 elara3
187 2491 302 2547 etaiam
315 2506 406 2546 rursus
420 2490 465 2545 rel
477 2491 592 2546 contrua
605 2490 649 2545 vel
663 2489 848 2561 distincta3
898 2495 941 2547 cet
960 2497 989 2547 ct
1007 2490 1136 2547 emmim
1154 2488 1316 2545 sufficientia
1335 2489 1372 2545 ad
1387 2506 1447 2547 rem
1463 2490 1500 2547 ab
1519 2491 1582 2547 aliis
1595 2490 1684 2547 omni·

60 2587 91 2638 et
116 2581 259 2651 distincta
284 2579 328 2634 vel
352 2578 546 2650 inadnequata‚
572 2578 616 2633 rel
640 2577 847 2650 adaequata:
898 2579 951 2636 bus
969 2579 1128 2652 corporibus
1150 2577 1286 2635 similibus
1308 2578 1525 2635 discuncndam:
1551 2580 1620 2636 tales
1637 2581 1685 2637 ha·

62 2671 130 2726 item
143 2670 190 2725 vel
202 2667 363 2739 symbolica,
382 2667 426 2723 vel
446 2666 629 2722 intuitiva:
650 2672 679 2722 et
696 2667 807 2740 quidem
825 2665 849 2721 si
899 2667 964 2724 bere
977 2668 1095 2724 solemus
1108 2667 1179 2723 cirea
1192 2667 1319 2723 notiones
1333 2666 1456 2739 pluribus
1469 2667 1592 2749 sensibus
1610 2685 1684 2725 com·

62 2759 145 2815 simul
159 2757 319 2829 atlneqnata,
329 2760 358 2812 et
371 2754 500 2811 intuitiva
514 2754 560 2828 sit,
575 2748 771 2828 perfectissima
784 2759 834 2811 est.
898 2772 1004 2830 munes,
1019 2761 1050 2812 ut
1064 2755 1179 2828 numeri,
1194 2755 1397 2829 magnitudinis,
1408 2757 1517 2829 figurae,
1532 2757 1599 2814 itam
1613 2757 1684 2814 circa

106 2847 265 2904 Obscura
283 2851 325 2901 est
342 2844 434 2916 uotio,
453 2860 522 2916 quae
540 2860 598 2900 non
618 2844 716 2900 sufficit
734 2844 771 2901 ad
790 2859 849 2899 rem
898 2845 1000 2901 multos
1025 2846 1138 2901 allectus
1162 2844 1258 2918 animi,
1284 2849 1315 2899 ut
1339 2861 1424 2917 qam,
1450 2849 1563 2918 metum,
1589 2845 1683 2920 verbo,

62 2938 295 3010 repraesentatam
318 2933 530 3005 ammarum,
558 2932 644 2988 ueluti
664 2933 689 2987 si
713 2936 849 3005 utcunque
898 2934 1081 3007 dmomnm,
1097 2949 1214 3006 quorum
1223 2933 1355 2989 habemus
1368 2932 1616 2990 definitionem
1629 2952 1684 2991 no·

61 3023 238 3082 meminerim
256 3020 371 3090 mem·
390 3022 536 3094 flonqaut
553 3020 681 3077 animalis
699 3021 767 3077 olim
786 3021 847 3094 visi,
898 3022 1071 3093 minalem‚
1092 3037 1162 3093 quae
1174 3021 1243 3078 nuri}
1256 3022 1331 3078 aliud
1345 3026 1395 3096 est,
1415 3038 1498 3095 quam
1516 3024 1684 3081 enumeratio

61 3130 120 3170 riou
132 3118 228 3169 tamen
240 3116 373 3184 quantum
382 3111 449 3165 satis
462 3115 512 3183 est,
526 3113 574 3165 aut
585 3109 709 3166 oblabnn
721 3126 850 3181 recogno·
897 3115 1027 3167 notarum
1045 3111 1244 3167 sufficientium.
1287 3111 1377 3167 Datur
1400 3115 1493 3166 tamm
1512 3116 1541 3168 et
1564 3112 1685 3186 cognitio

61 3220 145 3275 seue,
160 3206 191 3258 et
204 3202 241 3258 ab
255 3199 348 3271 aliquo
361 3198 451 3254 vicino
464 3199 615 3254 discernere
628 3198 746 3271 possim3
766 3197 848 3254 rclsi
898 3199 1027 3256 ‹listincta
1040 3199 1162 3255 notionis
1180 3198 1364 3273 indefinibilis,
1384 3200 1495 3272 quando
1517 3216 1550 3257 es
1562 3206 1604 3257 est
1618 3201 1686 3275 pri·

60 3291 233 3349 considerem
245 3287 365 3359 aliquem
379 3287 525 3343 terminum
539 3286 569 3341 in
579 3286 677 3343 sciolis
690 3304 786 3359 parmu
800 3303 845 3343 ex·
897 3289 1034 3360 mitius,
1049 3288 1107 3343 siue
1120 3294 1188 3343 nota
1200 3287 1243 3343 sui
1258 3287 1352 3361 ipsius,
1365 3288 1417 3344 hoc
1427 3292 1477 3360 ml,
1487 3305 1551 3344 cum
1564 3294 1606 3345 est
1619 3289 1684 3346 ine·

60 3381 202 3455 pli-atum,
217 3382 249 3434 ut
257 3375 433 3433 entelechiam
442 3375 662 3448 Aristotelis,
677 3381 725 3431 aut
739 3391 848 3431 causam
872 3368 876 3431 Ι
897 3376 1030 3448 solubilis,
1045 3393 1078 3433 ac
1091 3393 1148 3432 nou
1162 3376 1216 3432 nisi
1230 3393 1279 3449 per
1291 3393 1321 3430 se
1335 3376 1503 3449 urtelligituq
1519 3381 1601 3449 atque
1614 3378 1684 3433 adeo

61 3472 144 3543 pout
156 3465 310 3523 communis
323 3468 366 3520 est
378 3464 517 3536 materiae,
536 3466 649 3535 formae,
664 3463 801 3536 ellieienti,
820 3469 848 3520 et
898 3470 972 3522 caret
991 3465 1135 3539 requisitis.
1179 3465 1212 3520 ln
1231 3465 1390 3521 notionibus
1407 3470 1502 3538 autem
1515 3462 1683 3538 compositis,

61 3558 119 3630 uni,
132 3556 243 3627 aliaque
256 3552 399 3625 ejrrsraodi,
410 3554 445 3609 de
458 3552 556 3624 quibus
569 3553 674 3609 nullsm
688 3559 790 3609 cerum
802 3553 849 3608 de·
898 3554 964 3627 quia
980 3571 1073 3611 rursus
1091 3558 1174 3610 uotae
1192 3554 1316 3627 singulae
1332 3558 1526 3626 oompoueutoe
1546 3552 1684 3610 interdum

62 3645 217 3703 luidonem
240 3642 386 3699 babemus:
410 3641 482 3698 unde
502 3640 653 3714 propositio
673 3657 781 3714 quoqne
799 3642 849 3699 ob
898 3644 970 3699 clare
983 3643 1102 3714 quidem,
1118 3642 1166 3698 sod
1180 3648 1272 3698 amen
1284 3642 1397 3698 confuse
1416 3641 1541 3714 cognitae
1558 3646 1631 3715 sumt,
1652 3646 1685 3698 ut

60 3750 140 3793 m
153 3734 195 3807 lit,
208 3746 294 3805 quum
307 3730 386 3787 notio
399 3730 463 3786 talis
477 3729 635 3803 ingreditur.
670 3731 771 3787 Clara
784 3746 849 3803 ergo
898 3730 1032 3805 gravitas,
1058 3731 1149 3802 color,
1174 3746 1246 3802 aqua
1273 3729 1365 3801 sortis,
1391 3729 1499 3802 aliaque
1527 3746 1597 3802 quae
1622 3730 1684 3786 auri

59 3822 184 3897 (uguitio
195 3828 247 3892 est,
267 3836 329 3877 cum
348 3820 436 3876 labeo
450 3819 523 3875 unde
541 3835 601 3875 rem
620 3823 849 3891 repruesentatam
898 3823 978 3876 notas
992 3819 1187 3892 ingrediuntur,
1201 3818 1264 3874 hinc
1281 3818 1345 3874 talis
1358 3817 1478 3889 cogrritio
1491 3819 1552 3874 auri
1566 3818 1630 3875 licet
1643 3818 1685 3875 di·

60 3926 210 3985 agnoscere
229 3909 345 3982 possm,
366 3924 452 3980 eaque
478 3924 584 3965 rursum
603 3912 646 3963 est
663 3909 707 3963 vel
727 3909 846 3979 contrua,
897 3907 1061 3980 adnotant,
1077 3908 1307 3978 inadaequata
1325 3911 1368 3963 est
1386 3912 1486 3963 tamen.
1530 3908 1599 3964 num
1618 3924 1684 3964 vero

62 4001 106 4057 rel
119 3999 259 4057 distincta
291 3997 455 4068 Confusa,
474 4013 537 4052 cum
551 3996 653 4052 scilicet
665 4012 724 4051 nou
737 4012 848 4068 possum
873 4002 877 4074 1
898 3996 928 4052 id
941 4013 1024 4051 omne
1036 3997 1109 4067 quod
1123 3995 1251 4051 notitiam
1270 3995 1427 4051 distinctam
1445 3996 1605 4069 ingreditur,
1625 4013 1684 4053 rur·

62 4094 143 4147 notas
155 4088 195 4144 ad
208 4102 266 4143 rem
280 4087 317 4142 ab
331 4085 395 4141 eliis
409 4085 613 4141 discernendam
627 4084 789 4140 sufficientes
807 4101 848 4139 se
872 4080 876 4169 ¹i
897 4101 944 4139 sus
969 4084 1096 4141 distincte
1116 4083 1256 4155 cognitum
1279 4088 1330 4155 est,
1356 4099 1404 4141 seu
1422 4101 1485 4140 eum
1504 4085 1627 4156 analysis
1647 4085 1684 4141 ad

62 4178 182 4251 paratim
194 4191 362 4245 enumerare,
377 4174 439 4230 licet
452 4191 497 4230 res
511 4174 560 4229 illa
574 4173 643 4229 tales
656 4179 745 4245 notas,
766 4177 848 4244 atque
871 4182 875 4285 1
897 4173 981 4229 finem
999 4190 1084 4246 nsque
1104 4172 1235 4246 producta
1248 4171 1371 4244 habeor,
1391 4173 1511 4246 cognitio
1524 4178 1568 4231 eat
1580 4174 1685 4233 adae·
1809 4172 1815 4180 '

62 4266 194 4340 requin'ta
206 4279 301 4321 maa
314 4263 422 4335 lubeat,
444 4263 475 4318 in
488 4278 558 4335 quac
571 4261 650 4318 notio
670 4260 730 4330 eJus
748 4261 848 4362 resolsi
871 4292 875 4357 1
897 4266 1016 4363 quala,
1035 4261 1113 4332 cujus
1132 4261 1289 4361 cuempiam
1303 4263 1452 4334 perlectum
1471 4262 1563 4319 nescio
1581 4279 1618 4319 au
1636 4263 1685 4363 bo-

61 4349 849 4512 mffllllsltltffililfflldd
871 4372 875 4465 1
896 4350 1207 4496 mlum?
1233 4350 1685 4513 1111111111

61 4540 87 4589 et
101 4550 121 4588 a
134 4550 165 4587 se
179 4530 297 4587 invicem
310 4529 497 4601 ‹lisceruimus‚
518 4527 702 4673 sedtnsgqqqlici
720 4544 849 4673 sedqgrrum
871 4508 874 4623 ξ
898 4526 1048 4672 1ῃῷιέγεί
1067 4527 1198 4673 lsqqgiore,
1218 4531 1376 4673 uolqctqtam
1395 4528 1477 4672 simql
1495 4534 1623 4585 naturam
1643 4528 1684 4585 rai

62 4894 117 4943 tarn
130 4884 267 4955 ducendo,
281 4810 410 4957 um
422 4835 497 4939 idem
510 4881 630 4954 videant,
646 4809 849 4981 ellatinum
873 4884 877 4975 1
896 4809 1106 4939 mmm
1124 4898 1186 4939 eam
1205 4809 1304 4940 tagre
1327 4883 1358 4938 in
1382 4798 1683 4982 potest’afflff'cum

62 4972 426 5137 wlsius
433 4971 720 5116 11111111,
732 4972 848 5116 “lue
873 5012 877 5085 ἔ
897 4970 1685 5133 fflttbsldulffluetltll

63 5152 106 5223 sit,
119 5151 250 5209 notiones
262 5150 359 5207 burum
374 5148 536 5222 qmlitatum
555 5148 720 5222 compositas
738 5165 805 5221 esse,
819 5152 848 5204 et
872 5178 876 5213 ;
898 5146 992 5224 litatis,
1007 5152 1036 5206 ct
1049 5147 1195 5207 mdlcuarii
1209 5150 1274 5223 (seu
1287 5148 1349 5207 cubi
1364 5147 1517 5217 adunatio)
1531 5148 1681 5219 considero,
