3706 5828
688 112 719 169 L.
762 112 814 169 DE
833 111 914 171 lesa
934 111 1098 170 Nareae
1645 105 1708 173 157

74 263 131 321 pe
142 246 386 323 suiptwquidms
399 251 519 325 subulis,
532 256 563 309 at
580 254 721 327 profanus,
741 252 804 311 orbi
824 249 869 310 in·
891 247 896 335 l
919 253 1099 327 cogimtim
1123 269 1156 311 ac
1172 253 1340 329 voluntates,
1365 270 1400 312 ac
1420 260 1603 331 spontaneum
1623 275 1708 334 penes
1770 290 1773 294 Δ

73 335 159 393 ruit
182 337 230 395 vet
246 340 399 398 rmcvavit
442 342 515 398 Sans
539 340 629 398 sires
648 342 803 415 corporales
826 342 869 399 nil
891 394 894 437 Ι
918 359 970 399 nos
994 358 1066 415 esso,
1092 342 1237 416 Quam
1258 343 1291 399 in
1310 342 1424 400 dubium
1442 347 1601 412 revocabit!
1644 349 1707 414 Quo

72 440 134 481 nrsr
148 426 292 485 mtoeiale
304 428 485 501 continerent,
503 429 644 486 verissime
664 430 818 487 dicerentur
838 431 868 486 in
890 440 894 453 ·
918 433 990 487 facto
1003 447 1061 487 non
1075 434 1182 487 tantum
1196 435 1343 504 negaretur
1355 432 1467 490 libertas
1480 434 1609 508 humana,
1630 440 1658 492 et
1675 437 1706 492 in

72 515 158 571 hm
180 516 341 591 cumbere,
360 534 450 591 neque
467 518 569 574 habere
588 519 769 577 substantiale
794 519 868 592 quie·
890 484 894 627 ¹,
917 519 1007 575 Deum
1022 536 1105 576 causa
1113 517 1271 587 rejiceretur
1280 521 1425 594 malorum,
1439 522 1487 578 sed
1497 523 1584 580 etiam
1592 525 1706 583 intimae

70 617 173 675 qum,
195 606 429 677 queamdmodum
453 611 483 663 et
504 607 684 665 Platonici
708 608 776 666 olim
794 611 868 665 reete
917 613 1027 664 nostrae
1045 608 1243 682 experientiae,
1263 609 1478 665 conscientiaeve
1492 613 1650 669 testimomo
1663 631 1706 669 re·

69 706 223 764 agnem
917 696 1089 768 emnaretur,
1105 712 1160 769 quo
1173 697 1286 770 ipsimet
1298 701 1617 775 nostrasssesentinrus,
1633 717 1705 773 quae

121 780 153 836 9.
175 780 272 839 alen
285 782 412 855 quaestio
426 787 478 855 est,
493 788 585 840 uuum
603 789 743 841 creaturae
758 782 868 858 proprie
916 784 993 840 nulla
1016 783 1132 841 rationis
1155 784 1246 858 specie
1268 801 1287 841 a
1310 786 1536 843 dissentientibus
1560 789 1590 845 in
1613 790 1704 848 Deum

69 870 107 924 st
116 884 185 927 vae
196 886 279 944 agere
293 871 351 949 sint
363 872 511 929 dicendmi
530 873 579 944 Fa,
594 872 620 927 si
633 874 719 929 semel
734 872 869 947 intelliga-
916 874 1135 929 transferrentur.
1157 872 1237 939 Quod
1247 873 1272 929 si
1286 890 1354 930 vero
1367 876 1453 931 menti
1466 880 1577 933 nostine
1591 879 1648 932 viur
1662 879 1704 935 in·

67 970 151 1031 nn,
170 962 298 1016 niumm
311 960 423 1017 imitans
441 976 499 1017 non
513 961 624 1018 decre
642 978 660 1018 a
680 960 707 1017 vi
721 961 821 1035 agendi
838 965 867 1018 et
915 960 997 1017 dmm
1016 961 1174 1034 bibmmm,
1196 962 1317 1018 actionus
1338 962 1518 1021 immanentes
1537 965 1704 1038 producendi

67 1046 210 1119 patiam,
222 1048 321 1105 residit
337 1048 369 1105 in
390 1050 520 1123 priorem.
563 1049 636 1106 Nam
660 1050 734 1107 aetio
757 1050 817 1106 sine
838 1050 866 1106 vi
915 1049 961 1104 vel
982 1050 1056 1123 quod
1070 1049 1145 1106 idem
1158 1054 1214 1124 est,
1234 1051 1334 1122 agendi
1347 1040 1543 1124 imminentem
1558 1052 1620 1121 Jam
1634 1055 1703 1111 nilril

64 1135 179 1208 agardi
190 1151 251 1194 essa
263 1153 321 1195 non
333 1141 433 1212 potest,
453 1142 482 1194 et
496 1138 617 1195 vicissim
636 1138 727 1194 inanis
742 1138 867 1211 potentia
914 1138 1049 1212 prohibet,
1064 1137 1122 1194 imo
1136 1144 1348 1195 eomeutaneum
1364 1145 1415 1213 est,
1430 1140 1493 1197 aliis
1502 1140 1647 1198 animabus
1657 1143 1702 1199 rel

64 1228 128 1297 est,
146 1238 219 1297 qma
237 1240 379 1298 nunqnam
397 1230 487 1300 potest
504 1227 633 1284 exerceri
681 1226 753 1292 Quia
771 1232 865 1283 tamen
914 1227 1019 1300 formis,
1033 1226 1233 1299 autumaris,
1249 1228 1354 1283 naturis
1363 1229 1577 1285 substantiarum
1587 1231 1704 1288 eandem

63 1311 254 1370 aldomnus
276 1315 350 1371 aetio
375 1319 404 1371 et
428 1315 553 1389 ,mentia
576 1332 622 1373 res
647 1320 711 1372 sunt
730 1315 863 1388 divmsae,
914 1315 972 1371 mm
991 1315 1094 1386 inesse
1114 1314 1170 1370 nisi
1189 1315 1251 1388 quis
1269 1316 1703 1377 solasinnatmarerumnobis

64 1399 124 1456 mr
141 1402 304 1474 massiva,
323 1403 389 1460 baec
412 1420 591 1477 permanens,
614 1404 756 1460 videamus
780 1408 810 1460 et
829 1405 864 1460 de
913 1403 996 1459 obvia
1011 1408 1116 1459 mentes
1129 1408 1237 1460 nostras
1251 1404 1353 1460 acfivas
1365 1421 1437 1477 esse,
1457 1410 1506 1461 aut
1520 1423 1630 1463 omnem
1644 1408 1702 1464 vim

61 1488 200 1563 ιῶωος
213 1490 263 1547 ubi
278 1493 374 1563 fateor,
388 1507 434 1547 me
448 1509 505 1549 non
518 1493 687 1565 exiguamin
700 1492 863 1567 explicanda
887 1494 891 1543 l
912 1492 1011 1564 agendi
1029 1492 1223 1564 immanenter,
1246 1497 1329 1565 atque
1349 1493 1419 1550 adeo
1439 1494 1602 1552 vitaliter
1615 1502 1647 1552 ut
1661 1496 1701 1553 sic

61 1577 246 1635 adabarim
260 1580 403 1636 Sturmii
422 1585 513 1637 mente
530 1581 717 1638 difficultatem
734 1581 862 1654 reperire.
912 1579 1014 1654 dicam,
1035 1596 1098 1636 eum
1117 1580 1257 1637 intellectu
1276 1597 1335 1637 essse
1354 1582 1528 1652 conjunctam
1542 1584 1700 1658 arbitretur,

61 1664 168 1740 Nque
184 1667 273 1741 mim,
291 1684 337 1725 res
355 1674 461 1725 meaos
480 1687 529 1743 per
547 1686 578 1725 se
596 1674 626 1726 et
642 1669 754 1743 proprie
767 1686 863 1743 agere3
912 1669 1005 1741 quales
1023 1673 1097 1726 certe
1114 1669 1328 1726 asseverationes
1343 1686 1431 1743 neque
1444 1671 1551 1727 ratione
1565 1673 1622 1728 ulla
1635 1690 1700 1729 con·

60 1770 142 1811 mx
162 1758 256 1812 hmcu
275 1755 315 1813 ita
333 1758 458 1814 concedit
476 1774 524 1814 eas
542 1774 631 1832 agere,
653 1762 684 1814 ut
702 1758 774 1815 nolit
796 1773 863 1831 quo·
912 1759 1067 1831 firmantur,
1093 1774 1143 1814 noe
1168 1757 1222 1813 nisi
1242 1757 1331 1813 invita
1348 1760 1463 1815 veritate
1483 1766 1698 1834 propugnantur.

59 1844 225 1901 rhum
244 1844 298 1901 sibi
317 1845 402 1903 tribui
420 1847 654 1919 comparationem
676 1851 862 1904 ereaturarum
911 1846 984 1910 Quid
1008 1862 1074 1903 vero
1099 1845 1134 1902 de
1162 1847 1430 1903 transeuntibus
1456 1853 1699 1906 ereaturarum

58 1948 134 1989 nr
163 1932 279 2007 bipenni
296 1948 315 1989 a
335 1935 414 1991 labro
432 1935 548 2007 ligrmrio
567 1940 654 1994 mota.
697 1936 744 1991 Ex
762 1935 862 2008 quibus
911 1934 1111 1991 actionibus
1130 1934 1169 1990 sit
1187 1935 1375 2006 statuendum,
1395 1935 1451 1992 ulio
1464 1936 1526 1992 loco
1541 1938 1638 1993 melius
1651 1953 1700 1994 ex·

58 2020 142 2077 niul
155 2022 226 2079 certi
238 2023 399 2096 exsurlpere
412 2040 534 2096 possum
550 2041 601 2081 nee
614 2024 718 2080 diserte
731 2024 799 2080 oetis
813 2040 862 2080 ex·
910 2028 1035 2096 ponetur,
1049 2039 1101 2096 pro
1116 2027 1195 2097 parte
1210 2022 1295 2079 etiam
1311 2023 1368 2079 ianr
1383 2027 1473 2080 tuma
1487 2025 1699 2083 nobisulibioet

58 2109 204 2185 plhmm
217 2110 307 2185 video,
329 2128 471 2185 quousque
483 2112 542 2186 ipse
556 2130 573 2169 a
587 2113 702 2186 receptis
717 2112 861 2169 sententiis
909 2111 1090 2185 explicatum:
1110 2112 1353 2169 commercium
1371 2111 1474 2168 scilicet
1486 2113 1700 2171 substantia·

58 2198 195 2271 πῶς
215 2204 265 2256 aut
276 2215 426 2273 quamnam
439 2201 597 2257 distinctam
615 2201 710 2258 ardmo
730 2218 861 2275 concepe·
892 2208 982 2257 'rum
999 2200 1058 2256 sivo
1078 2200 1228 2256 monadum
1248 2200 1315 2256 oriri
1332 2216 1391 2257 non
1411 2218 1460 2274 per
1477 2200 1626 2277 intluxum,
1648 2202 1699 2258 sed

59 2287 403 2362 rituationisnotionem,
423 2306 590 2363 quaequam
604 2307 661 2347 non
675 2290 713 2346 sit
726 2290 810 2347 obvia
831 2294 860 2346 et
909 2306 958 2362 per
983 2304 1146 2346 eonsensum
1172 2293 1263 2345 ortum
1287 2305 1307 2343 a
1330 2288 1425 2345 divina
1450 2290 1697 2362 pmeiormatione3

62 2376 169 2449 filiu,
193 2392 233 2433 ex
256 2379 505 2452 metaphysiconum
528 2379 723 2436 certaminibus
743 2382 859 2435 constat
908 2393 1072 2450 unoquoque
1085 2376 1152 2433 dum
1166 2394 1233 2433 suae
1247 2380 1361 2434 natm-ae
1374 2377 1433 2432 uun
1446 2376 1558 2433 mlum
1572 2379 1699 2452 legesque

62 2464 211 2531 Qtum
230 2480 282 2539 ego
302 2467 370 2523 mihi
388 2468 532 2524 notionem
549 2467 666 2524 aetionis
684 2468 859 2542 perspexisse
908 2467 1044 2539 sequitur,
1069 2466 1106 2522 ad
1125 2470 1257 2522 mounes
1274 2465 1467 2539 accomodate,
1486 2465 1517 2522 in
1535 2482 1591 2538 quo
1611 2467 1698 2524 etiam

65 2554 175 2628 ὤεα,
187 2555 321 2628 consequi
334 2571 370 2612 ex
384 2557 433 2613 illa
451 2560 480 2611 et
494 2556 612 2613 stabiliri
628 2556 748 2613 arbitror
767 2574 860 2630 recep-
908 2555 975 2612 uuio
985 2554 1095 2611 animae
1107 2554 1282 2628 corporisque
1295 2553 1428 2610 consistit

64 2643 210 2700 t'n'nm
238 2643 427 2718 philosophiae
454 2646 568 2719 dogma,
595 2645 755 2702 actiones
781 2662 859 2703 csso
955 2643 1312 2715 ll.Quodautemcorpora
1321 2633 1698 2715 sintperseinertia,remm

68 2732 353 2807 suppositorum,
373 2732 457 2806 idque
480 2733 550 2789 adeo
567 2749 629 2789 esse
647 2750 744 2790 verum
763 2734 859 2808 depre-
908 2732 1018 2805 quidem
1039 2737 1094 2804 est,
1119 2731 1143 2787 si
1162 2735 1234 2788 reete
1252 2747 1358 2803 sumas3
1383 2731 1513 2787 hactenus
1530 2731 1646 2804 scilicet,
1666 2734 1699 2788 ut

65 2820 171 2895 inb,
184 2826 220 2877 ut
230 2821 316 2877 etiam
328 2822 367 2877 sit
378 2822 562 2895 reciprocum
581 2822 621 2878 ita
634 2826 736 2879 utnon
749 2826 859 2879 tantum
907 2820 982 2894 quod
1006 2820 1091 2877 semel
1115 2819 1251 2892 quiescere
1275 2820 1368 2892 aliqua
1390 2818 1499 2875 ratione
1517 2820 1643 2893 ponitur,
1667 2836 1699 2876 sa

67 2926 148 2968 us
161 2909 240 2983 quod
255 2909 314 2983 agit
327 2910 366 2966 sit
379 2911 534 2967 substantia
543 2911 699 2984 singularis,
709 2911 759 2968 sed
773 2912 859 2968 etiam
907 2909 998 2982 ipsum
1011 2913 1123 2965 eatenus
1136 2908 1166 2964 in
1180 2914 1286 2965 motum
1299 2908 1436 2965 concitare
1449 2923 1506 2964 non
1523 2908 1623 2985 possit,
1647 2925 1698 2964 nec

66 2999 204 3056 numme
223 2998 368 3071 smgularis
386 3000 540 3057 substantia
558 3004 623 3072 agat
642 3000 703 3056 sine
722 3000 859 3057 intermis-
907 2998 967 3054 sine
980 2997 1133 3055 resnteutia
1148 2998 1184 3055 ab
1200 2997 1257 3053 ulio
1272 2995 1403 3053 concitari
1418 2996 1554 3070 patiatm3
1568 3013 1624 3053 non
1639 3012 1698 3053 ma·

66 3087 157 3161 ὄιος
177 3103 297 3160 corpore
313 3087 377 3161 ipso
390 3105 447 3145 non
461 3093 586 3162 excepto,
605 3088 636 3145 in
648 3105 705 3162 quo
716 3089 794 3145 nulla
808 3106 858 3146 un·
907 3086 948 3158 gis
962 3102 1046 3159 quam
1059 3103 1110 3142 sua
1123 3090 1221 3158 sponte
1234 3089 1341 3142 mamre
1354 3083 1409 3141 sibi
1422 3088 1512 3158 potest
1526 3085 1641 3158 gradum
1651 3103 1698 3141 ve·

65 3191 145 3251 pm
158 3176 242 3250 (pies
255 3176 383 3233 absoluta
395 3177 538 3250 reperitur.
906 3175 1027 3231 locitatis
1043 3179 1092 3231 aut
1112 3174 1304 3248 directionem,
1326 3189 1410 3247 quam
1428 3172 1513 3229 semel
1527 3173 1624 3246 habet,
1648 3177 1697 3229 aut

106 3266 164 3323 1⁰.
182 3264 242 3322 Sed
259 3280 334 3322 nune
352 3267 484 3321 attentius
498 3268 582 3339 paulo
596 3266 797 3323 consideremus
811 3283 858 3323 oo·
906 3263 964 3338 pati
984 3263 1064 3320 facile
1083 3280 1116 3320 ac
1134 3263 1194 3319 sine
1214 3263 1380 3336 resistentia,
1401 3264 1431 3316 ut
1444 3262 1482 3317 ab
1497 3261 1554 3317 alio
1568 3265 1695 3317 mutetur.

64 3370 122 3412 ιιι
139 3353 329 3428 muana,
349 3355 398 3427 qui
416 3354 498 3411 rebus
511 3354 732 3426 casatorum,
751 3360 781 3412 et
794 3372 858 3428 prc-
906 3353 998 3424 Atque
1011 3352 1081 3409 adeo
1094 3352 1237 3408 fatendum
1250 3355 1305 3423 est,
1322 3349 1526 3421 extensionem,
1548 3348 1606 3405 sive
1620 3349 1696 3420 quod

63 3444 153 3518 μὴ
171 3443 313 3500 astionem
329 3443 470 3517 adimunt,
490 3443 565 3517 quod
583 3443 652 3499 olim
670 3444 754 3500 mam
769 3445 856 3499 iecere
905 3441 936 3496 in
951 3457 1065 3513 corpore
1078 3445 1120 3496 est
1135 3439 1336 3513 geometricum,
1352 3439 1377 3494 si
1391 3438 1464 3494 uude
1479 3442 1611 3509 suuntur,
1625 3437 1696 3493 nihil

63 3531 495 3606 Pfl'lmpbiaeltiosaicaeautor
508 3531 681 3589 Robertus
694 3531 855 3606 Fluddus,
905 3530 936 3585 in
955 3547 984 3586 se
1003 3529 1117 3602 habere,
1145 3528 1218 3584 uude
1237 3527 1309 3583 aetio
1336 3530 1365 3583 et
1384 3529 1476 3582 motus
1496 3525 1695 3598 profiriscatur:

63 3636 134 3679 -s
154 3636 228 3677 raro
240 3620 392 3677 Cartoeiani
406 3621 533 3694 quidam,
555 3621 602 3692 qui
623 3625 724 3694 potant
740 3636 798 3676 non
812 3638 856 3677 res
905 3618 962 3673 imo
976 3617 1069 3691 potius
1082 3617 1226 3673 matenam
1239 3616 1366 3673 resistere
1383 3613 1471 3670 motui
1486 3630 1536 3686 per
1556 3614 1696 3686 quandam

62 3726 159 3785 que,
178 3709 232 3766 ssd
244 3709 334 3765 Deum
349 3709 384 3765 ad
398 3726 490 3765 raum
503 3709 700 3783 praesentiam,
720 3713 748 3764 et
761 3726 856 3765 secun
905 3722 983 3763 uuam
1005 3705 1132 3762 inertiam
1151 3705 1305 3761 naturalem
1325 3721 1344 3760 a
1356 3703 1507 3776 lieplero
1525 3702 1636 3775 pulchre
1656 3702 1696 3759 sie

62 3798 126 3857 ht
150 3814 250 3856 rerum
273 3797 470 3871 aptitudinema
496 3799 618 3870 meoque
635 3815 680 3853 res
701 3797 855 3854 occasiones
905 3794 1119 3866 denominatam,
1137 3794 1177 3850 ita
1191 3798 1222 3849 ut
1236 3793 1344 3848 nonsit
1360 3790 1517 3847 indideram
1531 3790 1694 3865 admotum,

62 3904 132 3962 ue,
154 3904 218 3945 non
231 3903 340 3960 musas,
364 3891 392 3944 et
406 3887 539 3959 recipcre,
555 3903 611 3942 non
625 3887 732 3943 efficere
745 3890 794 3942 aut
807 3886 856 3943 eli·
904 3888 934 3940 et
946 3883 1075 3955 quietem,
1096 3883 1138 3938 uti
1151 3882 1233 3954 vulgo
1247 3897 1305 3937 rem
1318 3880 1464 3937 aestimme
1476 3879 1575 3951 solent,
1597 3880 1645 3935 sed
1658 3879 1696 3936 ad

62 3994 128 4035 m
150 3975 655 4047 QmmdoetrinamCordemoius,
671 3975 854 4047 Forgaeus,
906 3977 1012 4028 motum
1027 3987 1078 4044 pro
1094 3969 1281 4042 magnitudine
1294 3986 1345 4025 sua
1357 3968 1386 4023 vi
1401 3972 1481 4024 anto
1491 3967 1596 4037 majore
1605 3968 1696 4025 actim

10 4058 12 4069 '
62 4070 89 4123 a
104 4063 328 4123 :mundani
346 4082 408 4121 eum
422 4064 639 4138 proposuissent,
663 4062 854 4120 ltlalobran·
904 4060 1035 4134 indigeat
1079 4058 1160 4115 Unde
1179 4059 1210 4113 in
1230 4057 1281 4114 bae
1299 4058 1360 4130 ipsa
1379 4057 1408 4112 vi
1429 4055 1538 4129 paoeiva
1552 4056 1695 4112 resisturdi

62 4150 161 4211 chin!
174 4153 207 4210 in
221 4151 331 4225 primis,
351 4170 402 4227 pro
415 4152 541 4209 acumine
553 4169 620 4224 suo,
641 4151 775 4208 orationis
795 4151 856 4224 qui·
906 4148 950 4219 (et
968 4147 1271 4221 impeneuabititatcm,
1296 4150 1326 4201 et
1343 4145 1447 4217 aliquid
1468 4144 1587 4217 amplius
1607 4145 1695 4202 invol-

62 4242 182 4301 Μαι
203 4240 356 4299 luminibus
368 4241 528 4312 exonravit3
547 4240 669 4298 atione
683 4245 776 4297 autem
791 4239 856 4296 soli·
905 4238 999 4309 veum)
1014 4237 1102 4310 ipsam
1122 4235 1253 4292 matulae
1269 4234 1389 4308 primae,
1410 4233 1469 4289 sire
1482 4232 1564 4288 molis
1578 4249 1649 4305 quae
1664 4233 1694 4289 in

61 4332 110 4389 h
129 4328 290 4406 (quanm
304 4330 445 4402 intelligo)
465 4329 582 4386 adlusit
599 4346 690 4386 nemo.
733 4329 813 4386 Certe
830 4327 855 4384 si
905 4342 1020 4399 corpore
1032 4325 1134 4397 ubique
1147 4324 1245 4381 wem
1260 4322 1495 4396 magnitudinique
1508 4320 1567 4389 ejus
1581 4339 1695 4396 propor-

60 4436 184 4495 ηιμ
192 4418 354 4493 producitur
367 4419 432 4475 lnce
445 4419 579 4491 doctrina,
591 4422 623 4473 ut
637 4418 758 4474 actiones
771 4418 856 4474 etiam
905 4413 1016 4471 tionalis
1030 4416 1080 4485 est,
1094 4413 1236 4470 notionem
1252 4413 1364 4484 colloco,
1378 4414 1407 4466 et
1423 4410 1538 4467 ostendo
1552 4410 1615 4466 hino
1626 4410 1695 4467 alias

60 4509 248 4567 ’.Μία
262 4507 476 4564 substantiarum
490 4507 636 4575 tollantur;
655 4507 748 4579 (quod
763 4511 855 4562 mmen
905 4503 995 4575 longe,
1013 4501 1135 4574 quamsi
1151 4503 1211 4558 sola
1224 4501 1255 4557 in
1268 4504 1382 4573 corpore
1395 4499 1509 4573 ipsaque
1522 4499 1638 4554 materia
1651 4498 1694 4553 in·

10 4658 12 4663 ,
61 4596 335 4668 nitorejieitDn.
347 4595 813 4665 sturmiusl‘hysioeeeleetlib.
828 4593 855 4649 1.
905 4596 975 4648 esset
1003 4604 1066 4645 enm
1095 4590 1255 4647 exterdone
1285 4587 1544 4662 impenetrabilites,
1569 4591 1694 4642 motuum

10 4674 12 4713 ³
59 4704 128 4762 cap
143 4685 296 4760 sepite.
310 4684 335 4754 a.
354 4685 402 4742 11.
423 4703 450 4758 p.
469 4684 539 4740 176.
559 4689 587 4740 a
603 4684 633 4739 an
647 4684 855 4756 eccirermspe
905 4682 977 4752 rega
994 4679 1138 4751 amque
1157 4683 1185 4734 et
1205 4678 1246 4735 uu
1264 4677 1295 4733 in
1314 4677 1428 4733 naen
1442 4675 1568 4732 mertias
1584 4678 1693 4731 aaa·

59 4776 184 4833 m
200 4790 282 4831 mm
303 4775 453 4831 luculenter
475 4767 612 4849 ostendit)
632 4773 702 4828 adeo
716 4790 734 4828 a
748 4772 855 4827 ratione
904 4770 959 4825 lem
978 4766 1133 4840 oppositam
1147 4767 1248 4840 motui,
1269 4766 1309 4821 ita
1322 4767 1353 4821 in
1369 4766 1429 4839 ipso
1442 4779 1569 4836 corpore,
1590 4763 1647 4818 imo
1663 4763 1694 4818 in

60 4870 177 4942 w
189 4862 299 4936 aima,
321 4869 353 4920 ut
366 4862 434 4919 nilril
448 4879 540 4935 supra.
584 4862 630 4918 An
645 4862 721 4918 enim
734 4865 853 4917 menam
903 4856 980 4913 omni
990 4855 1143 4912 substantia
1153 4856 1240 4912 inesse
1250 4855 1432 4911 constantiam
1442 4850 1595 4909 naturalem
1608 4869 1693 4925 oppo

60 4956 182 5031 agius
199 4968 235 5012 ae
249 4953 335 5026 velle,
353 4957 381 5010 et
401 4951 431 5008 in
450 4953 531 5009 nobis
547 4968 564 5007 a
579 4950 659 5009 nobis
678 4949 740 5008 elici
753 4949 854 5006 multas
876 4928 881 5025 i
904 4947 987 5005 sitam
996 4944 1152 5004 mutationi.
1175 4944 1277 5002 Verum
1290 4943 1356 5001 haee
1370 4941 1562 5000 doetrinanon
1576 4940 1693 5015 latroci-
