3706 5828
161 330 230 405 434
550 343 624 401 uxr.
668 343 720 401 ou
740 342 968 402 nmmsmryn
988 343 1086 403 amru
1106 342 1395 411 raoonmrmnu

162 488 304 547 occasione
317 503 395 544 meae
410 485 569 560 voluntatis,
584 502 682 560 corpm
698 484 956 560 proprieloqueudo
997 459 1050 543 Dei
1063 490 1160 543 mneta
1179 486 1297 543 creantis
1316 490 1345 542 et
1362 485 1547 543 conservantis
1567 485 1627 542 sola
1642 484 1796 540 voluntate„

58 592 64 603 ·
163 578 232 636 nihil
251 576 317 650 agit
360 575 414 633 Sed
434 573 464 630 in
482 579 631 646 systemate
651 575 825 632 leibnitisuo
843 574 956 646 agitne
997 574 1050 632 Sed
1070 574 1094 630 si
1114 574 1230 632 velimus
1249 575 1328 647 sequi
1349 574 1433 648 ideas,
1456 591 1523 647 quas
1538 574 1669 630 habemus
1681 572 1718 629 de
1732 589 1794 628 cor-

163 667 237 722 nera
274 664 355 730 Quod
369 664 492 721 animam
504 663 614 736 attinet,
629 662 735 738 concipi
748 663 843 737 utique
856 667 957 738 potest,
998 678 1066 738 pore
1085 668 1114 719 et
1132 663 1167 719 de
1184 663 1294 738 spiritu,
1314 678 1369 719 una
1386 678 1450 720 eum
1470 663 1588 736 propriis
1601 679 1696 718 eorum
1712 662 1795 718 attri-

162 757 250 813 Deum
265 752 318 828 ipsi
332 753 362 809 iu
376 752 514 810 mentone
524 753 630 810 dedisse
643 752 718 809 ideas
730 754 858 810 contusas
872 758 902 809 et
914 752 958 809 in-
999 753 1083 827 bntis,
1097 752 1174 825 atqui
1188 753 1258 809 adeo
1273 752 1392 809 nolimus
1405 768 1504 825 corpus
1518 768 1598 824 agere
1611 752 1642 807 iu
1655 749 1796 824 spiritum.

161 845 271 901 volutas
285 843 410 901 omnium
421 841 594 912 objectomm
602 841 732 915 universi,
746 858 817 915 quas
829 842 958 899 erolvsu-
998 846 1047 901 aut
1066 841 1193 915 spiritum
1209 834 1366 920 (ereetum)
1385 841 1415 898 in
1434 856 1546 916 oorpm3
1573 840 1798 914 amplectendum

162 939 209 991 tur
222 940 252 990 et
265 930 409 989 distinctae
419 932 494 1006 liant,
508 936 590 1006 prout
600 930 709 1000 objecta
718 933 883 987 mutationes
894 947 956 1004 pro·
998 931 1052 989 erit
1066 932 1189 1003 systema
1202 930 1261 987 Lei
1270 930 1475 989 buitianum.
1504 932 1628 1001 systema
1642 929 1717 985 enim
1732 945 1798 985 cau·

109 1070 112 1075 .
161 1023 263 1082 ducunt
276 1022 306 1078 iu
319 1038 354 1079 eo
367 1037 491 1097 corpore,
505 1022 580 1094 qood
593 1021 757 1077 animasset
769 1020 957 1095 conjunctum,
997 1037 1090 1080 mrum
1114 1019 1326 1078 oceasiorralium
1354 1036 1410 1077 non
1438 1021 1492 1077 uisi
1520 1036 1597 1076 mera
1624 1023 1667 1075 est
1691 1018 1799 1075 illusio.

162 1112 228 1188 quia
242 1111 317 1167 Deus
330 1110 370 1166 ita
386 1111 489 1167 croevit
503 1111 624 1166 animam
638 1113 784 1182 etcorpus,
799 1111 958 1184 utperteete
999 1110 1091 1167 llaec
1109 1108 1337 1166 Clarissimus
1351 1110 1476 1181 Autor,
1497 1125 1644 1180 agnoscens
1658 1123 1800 1164 commer-

164 1200 357 1276 rcspoudcant.
380 1200 483 1255 Anima
497 1198 595 1258 deiude
609 1198 637 1255 in
652 1215 710 1255 sese
720 1198 780 1272 ipsa
793 1199 851 1269 agit
865 1215 957 1255 secun
997 1198 1070 1255 darn
1080 1199 1190 1255 animae
1201 1203 1228 1254 et
1239 1198 1370 1273 eoqroris,
1381 1198 1527 1255 muudum
1538 1202 1651 1254 naturae
1657 1197 1798 1268 ordinem,

165 1292 232 1349 dum
246 1288 308 1346 illas
321 1288 396 1345 ideas
410 1292 438 1344 et
448 1288 634 1362 perceptiones
645 1286 797 1361 distinctas,
812 1293 843 1344 ot
852 1286 958 1357 judicia
998 1303 1054 1345 non
1068 1287 1125 1344 alio
1146 1288 1239 1360 modo,
1260 1301 1343 1360 quam
1362 1289 1511 1345 secuudum
1530 1287 1798 1343 Leibuitianam

164 1396 214 1437 sua
225 1381 336 1452 lormet,
357 1393 459 1450 suaque
472 1377 573 1452 placita
587 1393 620 1432 ac
633 1375 769 1432 destinata
782 1378 877 1434 ammo
890 1393 956 1432 oon·
998 1375 1171 1451 hypothesin,
1183 1374 1391 1445 intelligibiliter
1400 1376 1531 1450 explicari
1544 1393 1630 1449 posse
1654 1375 1800 1441 Quoniam

164 1468 264 1543 cipiet,
282 1466 429 1524 seeundum
449 1465 611 1523 electionem
626 1481 709 1538 quam
723 1465 849 1521 instituit.
894 1465 958 1538 Ipsa
987 1465 1086 1540 iniis,
1107 1466 1220 1538 quaein
1240 1481 1355 1538 corpore
1374 1470 1401 1522 et
1415 1467 1508 1523 anima
1523 1465 1709 1537 intelligimus,
1727 1464 1799 1520 nihil

165 1559 292 1631 imperat,
310 1558 339 1612 et
352 1571 451 1628 eorpus
465 1554 609 1627 exequitur
623 1553 726 1611 virtute
738 1553 926 1628 dispositionis
939 1569 957 1610 a
997 1559 1113 1628 apparet
1126 1553 1200 1628 quod
1214 1554 1347 1611 influxum
1358 1570 1454 1611 eorum
1465 1559 1589 1612 motuum
1600 1553 1800 1627 explicandum

163 1649 292 1706 Creatore
305 1643 341 1700 ad
354 1643 545 1716 exequendum
559 1643 585 1699 ei
599 1642 689 1700 datae.
998 1643 1137 1700 inserviat.
1159 1643 1302 1700 Caeterum
1317 1643 1423 1717 modus,
1447 1661 1502 1718 quo
1516 1644 1590 1699 Deus
1604 1644 1663 1716 agit
1676 1643 1707 1698 in
1722 1659 1800 1700 crea·

208 1735 304 1809 ltaque
327 1733 460 1789 concludo
487 1725 595 1808 (iuquit
620 1732 672 1787 Vir
701 1730 873 1788 Clarissimus
906 1730 957 1787 sub
999 1736 1086 1805 tures,
1107 1737 1167 1789 toto
1186 1748 1283 1803 genera
1304 1734 1426 1790 diversus
1446 1739 1501 1807 est,
1523 1733 1649 1788 consistit
1669 1733 1747 1787 enim
1769 1731 1799 1788 in

164 1824 256 1900 ipsum
289 1819 487 1879 disemum
522 1820 628 1889 finem)
659 1819 684 1876 si
713 1820 831 1891 intelligi
864 1825 957 1893 queat,
999 1821 1130 1880 meando:
1155 1821 1286 1895 qnoniam
1305 1822 1366 1895 ipsa
1383 1828 1567 1878 ereaturarum
1582 1821 1767 1895 dependentia
1780 1837 1800 1876 a

165 1913 288 1971 animam
312 1926 392 1982 agero
419 1910 450 1965 in
475 1926 573 1983 eorpus
593 1908 705 1982 propria
723 1909 824 1966 virtute
842 1913 870 1964 et
891 1924 957 1982 quo
999 1912 1060 1968 Deo
1080 1927 1128 1968 sen
1146 1912 1332 1983 conservatio,
1357 1911 1486 1967 mutium
1510 1915 1554 1967 est
1571 1911 1682 1967 crestio.
1718 1910 1800 1966 lianc

162 2002 230 2060 dam
249 2015 349 2075 genere
363 1998 498 2071 influxus,
526 1997 574 2070 qui
591 2002 697 2053 motum
717 1997 748 2053 iu
762 2012 796 2053 eo
817 1996 958 2072 producat,
999 2003 1092 2055 antem
1113 2000 1324 2073 dependentiem
1344 2016 1438 2056 veram
1463 2007 1492 2056 et
1517 1999 1697 2056 necessariam
1724 2015 1797 2070 esse,

162 2082 330 2164 seqrmndmn
339 2102 398 2143 esse
414 2092 534 2156 systema
549 2091 695 2160 receptum.
714 2086 870 2160 Simplicius
884 2087 959 2143 enim
1000 2086 1085 2144 certis
1094 2088 1373 2147 demonstrationibus
1382 2089 1520 2162 docemur,
1534 2090 1586 2145 etsi
1597 2088 1713 2144 modum
1727 2089 1800 2144 hune

163 2183 206 2237 est
219 2178 284 2235 aliis
297 2182 326 2233 et
340 2174 478 2249 liquidius,
495 2174 591 2249 (plus
609 2175 735 2249 simple
753 2180 787 2231 et
806 2176 882 2250 plus
901 2174 958 2232 de'·
1000 2176 1109 2250 agendi,
1128 2178 1165 2235 ob
1183 2178 1318 2235 infinitam
1333 2178 1418 2252 ipsius
1431 2178 1538 2251 agentis
1552 2183 1690 2253 naturam,
1706 2177 1798 2253 esph-

163 2266 272 2347 gage.)
295 2264 370 2323 Etiu
381 2267 502 2322 savorem
513 2263 960 2340 ipsimaddueipotcstexemplmn
1000 2282 1063 2323 caro
1077 2282 1132 2324 nou
1146 2267 1290 2343 possimm.

768 2580 1188 2593 ———-—-————-—

907 2866 1053 2955 XLll.

618 3043 704 3132 AD
736 2924 1340 3133 REVERENDISSlhlUM
1526 3186 1530 3197 Ι

161 3227 489 3351 Planum
537 3231 690 3354 uns
742 3230 1030 3354 rossus
1081 3232 1514 3353 uprsromn
1563 3233 1796 3354 oure.

731 3579 894 3667 1706
943 3564 1006 3663 et
1057 3574 1237 3668 1707.

585 3880 712 3935 (licitu.
732 3882 794 3937 ουρ.
813 3883 864 3930 Μ.
882 3885 1007 3929 balens
1024 3883 1086 3930 tom
1104 3883 1136 3927 11.
1155 3882 1185 3929 Ρ.
1208 3882 1230 3928 t.
1246 3893 1270 3938 p.
1290 3879 1372 3935 sse.)
1433 3866 1436 3871 ’

875 4069 1082 4081 ιιι-α--ιιαη

388 4212 412 4271 E
425 4212 448 4272 P
462 4215 476 4274 1
489 4211 547 4274 ST
561 4218 586 4274 0
600 4214 623 4275 t
638 4218 664 4275 A
705 4215 732 4274 1.
1000 4216 1072 4275 lium
1085 4222 1160 4275 reeta
1174 4216 1219 4275 vel
1233 4234 1270 4275 ex
1283 4236 1317 4275 eo
1331 4223 1448 4293 constat,
1463 4219 1537 4292 quod
1552 4234 1616 4292 pars
1628 4214 1688 4288 eim
1702 4224 1747 4274 est
1760 4214 1799 4275 si·

999 4307 1074 4363 milis
1087 4307 1149 4365 toti.
1194 4308 1288 4380 ltaque
1302 4324 1365 4364 curu
1379 4313 1469 4365 totum
1478 4308 1566 4365 dividi
1582 4307 1679 4382 possit,
1694 4310 1799 4381 poterit

998 4400 1027 4452 et
1046 4414 1119 4471 pars,
1139 4400 1169 4453 et
1188 4396 1315 4453 similiter
1333 4398 1447 4470 quaevis
1466 4416 1530 4472 pars
1549 4398 1644 4472 pertis.
1689 4397 1799 4454 Puncta

207 4476 325 4553 Vereor,
345 4484 376 4535 ut
389 4496 472 4554 quem
493 4482 561 4537 miti
576 4483 665 4541 defers
678 4485 822 4559 honorem,
841 4482 908 4541 dum
922 4482 957 4539 ds
998 4502 1056 4543 non
1070 4490 1135 4543 suut
1145 4489 1238 4559 parth
1249 4486 1380 4559 contium,
1395 4487 1445 4544 sed
1458 4488 1657 4559 extremitates,
1671 4502 1723 4543 noc
1736 4502 1797 4542 me·

162 4568 377 4626 abstrusioribus
395 4571 516 4645 quaeris,
536 4572 634 4629 mereri
657 4574 725 4630 satis
744 4574 857 4649 possim
886 4572 957 4630 Dioo
999 4575 1041 4647 gis
1060 4573 1178 4631 minima
1197 4575 1277 4632 datur
1290 4592 1355 4649 pars
1369 4576 1466 4652 lineae,
1486 4594 1570 4651 qoem
1590 4577 1708 4633 minirum
1727 4579 1798 4632 trac·

164 4663 255 4715 lamen
269 4659 440 4732 sententiam,
456 4660 521 4732 quia
531 4656 621 4733 jubes,
637 4667 666 4718 et
679 4663 747 4720 boni
760 4663 887 4720 consulis.
1000 4664 1040 4721 tio
1053 4664 1174 4721 unitatis

208 4748 264 4805 lius
278 4753 307 4803 et
321 4763 407 4803 arrum
419 4749 540 4804 converti
556 4755 645 4807 tecum
655 4752 757 4825 sentim
772 4752 959 4826 unitatemque
1044 4754 1185 4811 infinitum
1197 4759 1259 4811 ectu
1272 4753 1303 4810 in
1317 4761 1415 4812 natura
1425 4755 1486 4812 dari
1500 4772 1557 4812 nou
1571 4754 1678 4826 dubito,
1692 4754 1798 4828 posita·

164 4854 223 4894 esse
246 4836 412 4910 principium
438 4838 558 4913 numeri,
584 4841 608 4896 si
628 4842 749 4898 rationes
768 4847 886 4917 spectes,
911 4858 958 4898 seu
1001 4859 1054 4916 que
1071 4843 1240 4918 plenitudine
1259 4845 1371 4918 mundi,
1394 4850 1423 4903 et
1444 4844 1581 4919 aequabili
1606 4844 1796 4900 divisibilitato

163 4926 335 4999 prioritatem
354 4930 482 5001 naturae,
507 4942 566 4983 uon
585 4928 609 4984 si
635 4930 866 5002 magnitudinem:
893 4946 960 4987 narn
1002 4934 1141 5009 materiae,
1160 4933 1283 5006 sequitur
1301 4935 1457 5005 exlegibus
1472 4941 1562 4991 motus
1578 4934 1657 5003 varii,
1676 4931 1797 5005 quodvis

164 5013 296 5072 habemus
315 5016 479 5091 fractiones,
500 5018 606 5074 unitata
625 5019 718 5092 utique
739 5020 863 5077 minores
876 5021 906 5076 in
920 5021 961 5077 in·
1002 5027 1134 5096 punctum
1152 5023 1258 5079 moveri
1273 5027 1351 5081 motu
1371 5024 1480 5083 diverso
1494 5041 1512 5079 a
1526 5023 1624 5096 quovis
1637 5023 1694 5079 alio
1709 5022 1797 5095 assig-

163 5103 279 5160 tinitum.
1003 5110 1089 5170 nabili
1104 5116 1214 5185 ptrncto.
1237 5112 1290 5169 Sed
1306 5130 1354 5169 ucc
1365 5114 1443 5170 aliter
1454 5115 1508 5169 sihi
1520 5112 1693 5188 pulchritudo
1702 5127 1797 5168 rerum

203 5193 374 5254 Continuam
393 5194 423 5253 iu
443 5194 579 5254 inlinitum
592 5194 730 5254 divisibile
747 5200 799 5254 cst
831 5198 919 5273 idque
932 5198 962 5257 iu
1003 5201 1126 5276 ordoque
1144 5208 1289 5261 osmunt.
1332 5203 1426 5278 Neque
1441 5203 1531 5278 video,
1546 5220 1594 5261 eur
1608 5203 1659 5259 hoe
1673 5203 1798 5275 refugare

284 4334 481 4396 Plurimum
503 4337 708 4400 Reverendo
728 4343 838 4399 Pater.
