3706 5828
542 334 621 392 xm„
642 335 693 391 DE
707 334 778 393 USU
791 336 983 396 sclnu'rlau
996 336 1213 399 GENERALIS.
1651 329 1695 398 87

60 479 161 553 gratia,
175 478 241 552 qu‘m
254 493 313 534 uon
325 477 380 534 nisi
390 476 488 535 unicus
499 476 614 533 circulus
628 493 677 550 per
687 476 741 533 tria
754 482 856 549 pauieta
905 479 961 535 tiae
975 479 1144 552 pomisne
1156 484 1303 536 maumas.
1324 478 1397 537 Nam
1410 480 1458 554 qui
1471 483 1542 538 hauc
1553 481 1695 538 scientiam

60 571 96 624 t
111 569 144 624 R
157 568 190 624 G.
208 567 270 624 duci
288 571 393 641 potest,
420 565 542 638 sequitur
560 565 616 620 illis
641 565 729 621 tribus
746 566 855 638 punctis
905 568 1020 640 tenebit,
1045 571 1111 623 ante
1134 567 1229 624 omnia
1247 567 1302 623 sibi
1321 569 1401 625 certis
1416 570 1694 628 demomuationibus

59 657 146 730 statis,
165 654 282 729 qmesiti
300 656 393 712 circuli
412 649 545 727 eentum,
567 671 615 710 seu
635 659 766 728 punctum
780 656 854 726 quod
904 655 1051 711 satisfaciet
1064 656 1136 712 eirca
1149 673 1191 730 ea,
1206 672 1277 728 quae
1291 656 1327 711 de
1340 658 1401 713 Deo
1414 663 1497 730 atque
1510 659 1604 714 anima
1617 676 1694 732 repe·

58 742 854 816 eioderumodosehaberetadpunotaAetBetG,de-
904 734 1301 817 rirlpossrmt3‘adbocenim
1315 744 1693 816 datasulficientianosjam

58 830 853 906 tamrmapomoepsrmquouoesumexmeuo
903 831 1693 909 momnoesaesqrusmnsumamautsupuomm,
1784 873 1789 883 .

58 921 151 996 ipsius
168 922 197 979 Α
216 921 240 977 Β
258 921 388 977 educeuu
411 919 641 992 perpendicularis
660 919 683 975 F
697 920 737 994 G,
760 913 854 996 (hujus
902 936 965 977 cum
975 919 1035 989 ejus
1048 920 1277 994 pulchritudinem
1286 921 1429 994 intelligat,
1440 925 1469 977 et
1481 939 1538 978 nou
1548 928 1693 980 contentus

428 1008 504 1063 enim
513 1007 657 1081 quodlibet
665 1011 796 1079 punctum
807 1025 854 1065 ae·
903 1013 1020 1081 tautum,
1034 1009 1083 1066 sed
1096 1013 1126 1066 et
1138 1013 1213 1066 totus
1225 1009 1279 1066 erit
1294 1010 1399 1065 eventis
1413 1011 1550 1084 omnibus,
1566 1028 1630 1068 curu
1640 1028 1691 1086 pro

238 1108 243 1137 ³
427 1113 480 1168 quc
500 1095 627 1168 respiciet
648 1100 706 1152 tam
721 1101 853 1169 punctum
902 1098 1089 1154 demonstrato
1102 1098 1203 1175 lrabeat
1216 1097 1311 1153 omnia
1324 1098 1429 1171 optime
1442 1115 1500 1155 esse
1513 1099 1649 1172 ordinata,
1663 1104 1692 1156 et

140 1154 236 1293 s
252 1152 351 1293 Χ
427 1185 463 1256 Α,
478 1198 561 1256 quam
575 1189 707 1256 punctum
721 1179 757 1261 B)
773 1189 801 1241 et
815 1202 852 1241 ex
903 1185 931 1241 in
946 1185 1052 1243 bonum
1065 1187 1160 1242 eeclere
1173 1187 1263 1242 Deum
1276 1187 1395 1258 amanti3
1416 1186 1509 1258 itaque
1522 1188 1592 1244 liber
1605 1192 1634 1244 et
1648 1205 1692 1244 so·

289 1263 318 1310 11
360 1260 379 1308 ⁰
428 1272 519 1329 medio
544 1272 630 1344 ipsius
654 1274 704 1329 BC
722 1274 852 1330 sineatur
901 1274 975 1330 lutus
989 1274 1041 1330 erit
1054 1274 1109 1331 illis
1123 1274 1308 1330 anxietatibus
1321 1276 1484 1348 futurorum,
1505 1276 1604 1348 quibus
1618 1275 1692 1332 infir·

19 1402 23 1419 .
259 1351 283 1394 Β
427 1360 656 1435 perpendicularis
679 1362 749 1433 HK,
774 1360 852 1431 cujus
901 1362 1003 1419 micres
1016 1363 1134 1435 mutuae,
1148 1363 1240 1418 servili
1254 1366 1329 1418 metu
1343 1363 1433 1420 Deum
1445 1364 1574 1438 colentes,
1593 1364 1692 1421 mucre

170 1500 174 1509 .
185 1387 330 1600 Δρ
427 1450 528 1505 iterum
553 1450 696 1521 quodlibet
720 1455 851 1523 puuctum
901 1455 1045 1507 terrentur.
1089 1450 1231 1506 Intellecta
1244 1450 1328 1505 etiam
1343 1451 1395 1507 Dei
1408 1453 1575 1525 perfectione
1589 1457 1617 1509 et
1631 1454 1691 1509 liar·

428 1538 526 1594 eodem
545 1537 629 1594 modo
643 1539 768 1612 respiciet
782 1555 852 1612 pun·
901 1541 996 1596 monia
1009 1555 1109 1612 rerum,
1124 1555 1182 1594 non
1199 1538 1337 1610 ignorabit
1351 1539 1416 1611 quid
1432 1541 1506 1596 Deus
1520 1558 1538 1596 a
1553 1557 1583 1596 se
1597 1541 1692 1614 exigat

429 1631 475 1682 cta
488 1626 550 1682 Bet
560 1627 590 1699 C,
605 1644 670 1700 ergo
684 1627 708 1682 si
723 1627 778 1683 duo
792 1645 852 1700 per·
902 1632 931 1684 et
944 1643 1014 1700 quae
1028 1629 1085 1684 siut
1099 1627 1189 1683 officia
1209 1627 1296 1698 vitaeq
1316 1626 1550 1700 deprehendetque
1567 1630 1691 1686 maxima

58 1717 249 1792 pendiculum
268 1733 298 1771 se
317 1719 409 1771 secent
428 1714 458 1770 in
471 1715 507 1789 D,
524 1708 611 1787 (quod
631 1716 662 1771 lit
680 1715 704 1771 si
719 1732 776 1772 non
796 1715 853 1770 sint
902 1732 952 1772 sua
965 1716 1106 1789 voluptate
1118 1715 1189 1771 nihil
1202 1713 1339 1788 aasejugo
1358 1715 1411 1772 Dei
1429 1717 1548 1789 suavius,
1568 1722 1597 1772 ct
1615 1718 1690 1790 quod

57 1805 215 1880 parallelae,
230 1821 279 1861 seu
293 1803 317 1858 si
333 1804 366 1859 Α.
381 1804 413 1858 Β.
427 1804 457 1859 C.
472 1820 529 1859 non
543 1803 600 1859 sint
615 1803 644 1859 in
658 1804 754 1860 eadem
764 1803 850 1873 reeta)
902 1803 983 1861 nobis
997 1804 1064 1878 ipsis
1077 1799 1199 1860 maxime
1219 1803 1288 1859 utile
1306 1808 1356 1876 est,
1375 1804 1405 1860 id
1419 1805 1479 1860 Deo
1493 1805 1615 1861 maxime
1628 1822 1690 1877 gru-

56 1900 191 1969 puuctum
205 1909 350 1949 commune
365 1892 411 1969 (in
425 1907 480 1964 quo
491 1892 551 1948 solo
565 1909 595 1948 se
608 1909 699 1949 secare
711 1893 851 1966 possunt),
875 1848 878 1965 Ι
902 1899 963 1949 urm
983 1910 1049 1949 asse.
1092 1893 1172 1949 Unde
1187 1891 1248 1962 jam
1267 1893 1423 1949 conciliatio
1442 1894 1549 1967 egrem‘a
1567 1893 1690 1965 sequium

56 2000 145 2056 aeque
159 1982 285 2056 respiciet
298 1984 400 2054 puncta
413 1979 447 2035 Α
463 1985 491 2037 ct
505 1980 535 2035 B.
547 1985 575 2036 et
585 1981 615 2036 a
630 1985 658 2037 et
671 1981 786 2054 proinde
800 1981 853 2037 erit
898 1980 1023 2051 justitiae
1036 1984 1065 2037 et
1078 1980 1248 2054 prudentiae,
1263 1980 1405 2054 divinique
1417 1987 1446 2038 et
1459 1982 1563 2055 proprii
1577 1983 1689 2055 amoris,

56 2077 193 2128 sentium.
236 2070 314 2126 Idem
328 2069 457 2142 exemplo
471 2069 539 2125 artis
557 2071 797 2143 cryptogmphicae
811 2069 853 2125 in·
901 2070 1010 2127 honesti
1028 2069 1144 2143 denique
1164 2073 1247 2142 atque
1266 2069 1351 2142 utilis,
1376 2085 1446 2142 quae
1466 2070 1525 2126 sola
1546 2070 1690 2127 bominum

57 2160 145 2232 telligi
166 2162 264 2232 potest
307 2157 466 2229 Aliquando
489 2157 564 2213 enim
584 2162 641 2213 tam
661 2175 748 2231 pauca
767 2157 852 2214 verba
900 2157 1056 2231 ignorantia
1073 2163 1156 2230 atque
1174 2174 1265 2213 errore
1283 2157 1336 2214 sibi
1355 2162 1537 2231 opponuntur.
1569 2159 1606 2215 Et
1626 2176 1692 2215 con·

56 2248 206 2321 alplmbeto
231 2247 370 2319 incognito
390 2246 492 2319 scripta
516 2246 659 2319 habentur,
685 2251 717 2302 ut
740 2262 851 2320 prorsus
900 2247 1015 2304 scientia
1028 2263 1045 2302 a
1059 2245 1191 2320 suspulis
1205 2246 1375 2319 liberabitur,
1391 2246 1489 2319 quibus
1504 2248 1542 2320 lit,
1565 2252 1596 2303 ut
1609 2264 1691 2321 saepe

56 2336 230 2410 impossibile
252 2336 305 2408 sit,
331 2336 451 2391 humano
476 2334 587 2407 ingenio
605 2336 710 2391 clavem
727 2334 850 2408 reperiri,
900 2335 1034 2409 homines,
1059 2351 1123 2391 eum
1143 2334 1221 2404 justa
1238 2341 1332 2408 agmt,
1352 2339 1437 2408 agant
1454 2334 1570 2407 injuste,
1590 2336 1689 2410 ignari,

56 2426 116 2481 imo
129 2429 162 2480 ut
175 2423 234 2479 fieri
248 2423 333 2496 possit
348 2424 444 2480 eadem
458 2423 544 2479 verba
558 2424 662 2480 occulte
677 2423 777 2496 scripta
792 2439 850 2478 mo-
900 2421 1040 2497 quomodo
1053 2423 1175 2480 actiones
1193 2427 1268 2479 recta
1287 2424 1440 2480 intentione
1458 2423 1568 2498 capiant
1581 2424 1691 2480 bonita-

56 2515 100 2570 dis
115 2512 267 2569 innumeris
280 2512 427 2568 secundum
444 2511 565 2568 diversas
581 2513 670 2568 claves
684 2517 757 2567 recte
770 2528 850 2584 posse
899 2518 965 2569 tem.
991 2511 1066 2567 Nihil
1080 2516 1173 2567 autem
1187 2511 1293 2567 homini
1312 2511 1426 2567 homine
1438 2516 1479 2568 est
1497 2512 1599 2585 utilius,
1620 2512 1691 2568 nihil

56 2602 205 2675 eproariq
226 2600 363 2657 interdum
381 2616 447 2657 vero
466 2604 563 2656 centra
580 2616 638 2656 non
652 2605 761 2656 tantm
775 2600 850 2656 suffi·
899 2600 1022 2657 amicitia
1035 2600 1153 2674 suavius,
1175 2599 1244 2655 nihil
1257 2601 1352 2655 anima
1364 2600 1495 2656 rationali
1512 2600 1587 2674 apud
1600 2601 1691 2657 Deum

57 2690 169 2764 denua,
184 2690 233 2745 sed
247 2688 331 2744 etiam
345 2689 407 2763 plus
421 2704 505 2762 quam
519 2688 682 2746 suilidentia
696 2692 762 2745 sunt
774 2688 848 2760 data,
899 2687 1054 2764 pretiosius,
1069 2692 1152 2760 atque
1165 2703 1258 2744 amare
1271 2705 1376 2761 omues,
1395 2689 1481 2745 edam
1498 2689 1579 2746 nobis
1598 2689 1692 2745 inimi·

56 2796 113 2853 qno
126 2781 201 2836 iacto
215 2777 413 2834 idemdiversis
427 2777 621 2850 viisinvenire
635 2780 850 2833 etnontautum
899 2795 963 2850 cos,
982 2776 1072 2833 adime
1092 2777 1245 2848 neminem,
1266 2777 1351 2833 etam
1375 2777 1420 2833 cui
1439 2778 1563 2851 cogimur
1582 2795 1691 2852 nocere,

57 2869 203 2925 veritatem
217 2866 266 2923 sed
278 2871 307 2922 et
316 2867 437 2923 Probum
450 2881 534 2938 quam
547 2869 648 2922 vocant
659 2865 719 2923 sive
732 2881 850 2923 examen
899 2882 958 2923 non
970 2864 1070 2921 christi
1084 2865 1172 2938 magis
1185 2880 1268 2938 quam
1282 2881 1424 2938 supremae
1437 2866 1552 2923 rationis
1565 2883 1692 2939 praecep

57 2955 194 3029 veritatis,
208 2955 309 3011 habere
322 2970 474 3028 possumus.
901 2961 962 3011 tum
979 2957 1030 3010 est
1063 2954 1117 3019 Qui
1136 2969 1202 3010 vero
1221 2953 1261 3009 ita
1280 2956 1418 3010 animatus
1436 2960 1488 3028 est,
1508 2971 1571 3011 cum
1584 2972 1692 3029 semper

99 3044 172 3102 Dari
190 3047 285 3099 autem
309 3043 451 3100 scientiam
469 3040 640 3115 hujusmodi,
660 3042 851 3099 demonsoau
900 3042 1016 3100 candide
1029 3047 1103 3116 agat,
1118 3057 1234 3115 cumque
1248 3043 1285 3100 ob
1300 3059 1393 3100 rerum
1406 3043 1587 3117 singularim
1605 3044 1692 3100 mien-

56 3134 123 3190 darm
135 3137 181 3190 est
194 3149 213 3188 a
225 3132 321 3205 priori,
335 3147 491 3204 qumquam
500 3132 585 3189 sciam
598 3132 695 3205 vulgis
708 3130 851 3188 bominum
900 3133 978 3204 tium,
993 3146 1077 3203 qnam
1091 3131 1262 3205 possessione
1276 3131 1405 3188 scientiae
1423 3132 1557 3205 generalis
1575 3131 1630 3190 sibi
1644 3149 1692 3206 pe-
1793 3173 1800 3181 .

56 3224 86 3279 in
99 3222 206 3279 talibus
219 3236 278 3276 non
290 3221 345 3276 nisi
364 3220 610 3277 demonstrationes
622 3237 640 3276 a
653 3219 806 3292 laosteiorq
821 3219 851 3275 id
900 3221 987 3296 perit,
1007 3219 1101 3275 multis
1119 3219 1248 3292 prodesse
1264 3220 1364 3294 possit,
1390 3224 1419 3276 et
1437 3220 1541 3277 amieoe
1564 3221 1644 3277 maile
1663 3225 1692 3277 et

56 3317 98 3368 est
111 3311 150 3367 ab
164 3313 274 3382 eventu,
288 3326 392 3383 capere
436 3309 506 3365 Dico
526 3309 618 3381 igitur,
635 3308 659 3363 si
673 3323 728 3380 qna
748 3307 850 3363 veritas
901 3312 1024 3367 fortunas
1043 3307 1161 3381 parabit
1182 3307 1256 3363 Nam
1270 3313 1348 3364 muta
1361 3325 1405 3365 res
1419 3312 1461 3364 est
1473 3309 1576 3367 candor
1594 3308 1690 3381 animi,

56 3405 105 3456 aut
117 3399 142 3454 si
156 3398 234 3472 quod
246 3397 391 3454 muiicium
404 3398 488 3453 etiam
502 3397 543 3453 ab'
553 3396 651 3470 angelo
669 3396 751 3453 nobis
764 3395 852 3469 possit
900 3403 933 3454 ut
953 3412 1035 3454 nemo
1054 3396 1139 3452 etiam
1158 3413 1268 3469 eorum,
1278 3447 1283 3475 ,
1294 3397 1342 3469 qui
1367 3396 1489 3453 maxime
1506 3395 1598 3453 callidi
1616 3401 1690 3469 sunt,

56 3486 241 3545 commosis·
255 3502 292 3543 ex
305 3486 360 3542 illis
373 3485 440 3542 solis
459 3484 601 3559 principiis
614 3483 755 3557 quaejam
769 3485 851 3540 habe-
901 3503 958 3543 non
972 3483 1118 3541 candidum
1132 3483 1186 3541 sibi
1199 3485 1317 3540 amicum
1332 3485 1419 3540 malit.
1451 3484 1580 3542 Fortuuis
1597 3488 1691 3541 antem

57 3574 421 3648 midaninvenirenos
435 3574 620 3647 potuimeper
638 3572 778 3646 nosipsos
798 3590 851 3646 ope
900 3589 992 3633 carere
1016 3589 1074 3629 non
1098 3576 1190 3646 potest
1210 3572 1258 3646 qui
1283 3572 1386 3628 amicos
1407 3572 1497 3645 habet,
1517 3579 1546 3629 et
1570 3572 1690 3647 seposito

56 3665 137 3736 inias
150 3663 283 3721 dentiae
296 3663 438 3736 generalis,
453 3662 478 3718 si
492 3661 576 3719 modo
589 3661 670 3718 nobis
689 3667 738 3717 aut
751 3661 852 3718 verita·
901 3664 1054 3720 amicorum
1068 3662 1169 3733 lavore,
1185 3661 1232 3733 qui
1246 3661 1353 3734 egregrie
1367 3661 1481 3716 milicia
1492 3660 1615 3717 invenire
1629 3665 1691 3734 pot*

57 3754 93 3810 tis
105 3751 266 3823 {numdi
279 3750 493 3825 inquisitionem,
514 3754 563 3807 aut
582 3749 691 3806 muudi
710 3749 774 3806 talis
793 3766 852 3806 ruo·
901 3756 961 3824 est,
978 3749 1078 3823 quibus
1096 3750 1216 3805 humana
1236 3749 1295 3804 vita
1316 3749 1480 3820 sublevetur,
1506 3748 1592 3805 etiam
1617 3748 1691 3822 apud

57 3843 124 3898 dun
136 3840 324 3915 quaerendum
342 3839 585 3913 proposuissemus.
616 3837 700 3909 Cujm
719 3838 760 3894 rai
778 3837 851 3894 ratio
901 3841 1004 3896 lurcos
1018 3843 1047 3895 et
1059 3837 1140 3895 Sinos
1154 3837 1184 3894 in
1198 3839 1302 3894 honore
1317 3837 1378 3909 en't,
1393 3840 1423 3893 et
1436 3836 1519 3893 modo
1541 3837 1614 3894 inter
1626 3837 1691 3894 illos

57 3931 149 3987 brevis
168 3934 221 4002 est,
241 3927 315 4001 quod
333 3928 368 3984 de
388 3946 417 3985 re
439 3927 531 4000 aliqua
550 3926 619 3982 nihil
638 3925 720 3982 nobis
739 3926 852 3981 demou
901 3933 966 4002 agat
985 3945 1003 3982 a
1022 3927 1122 3999 quibus
1141 3925 1318 3999 intelligatur,
1341 3928 1370 3981 et
1387 3925 1435 3997 qui
1453 3941 1512 3982 uon
1530 3931 1611 4000 egent
1628 3924 1690 4000 ipsi,

58 4019 139 4075 strari
157 4021 258 4093 potest,
277 4033 314 4073 ue
333 4017 370 4073 ab
390 4016 489 4089 angelo
508 4015 627 4089 quidem,
648 4013 703 4070 nisi
716 4019 851 4086 quatenus
902 4031 1042 4088 nunquam
1061 4031 1119 4070 nou
1139 4013 1195 4069 illis
1214 4014 1296 4069 rebus
1316 4013 1481 4086 abundabit,
1502 4015 1602 4086 quibus
1622 4029 1691 4088 opus

57 4106 191 4180 reqffla
203 4103 264 4174 ejus
277 4104 318 4161 rei
327 4105 517 4177 mtelligimns3
529 4103 591 4172 jam
605 4103 635 4159 iu
649 4102 727 4160 omni
737 4103 852 4159 veritate
901 4109 943 4162 est
957 4104 993 4159 ad
1007 4103 1078 4159 bene
1091 4103 1224 4174 beateque
1237 4101 1393 4158 vivendum
1426 4101 1552 4174 Denique
1570 4118 1633 4158 eum
1647 4119 1690 4176 ea,

57 4195 152 4252 onmia
165 4192 298 4267 requisita
312 4192 460 4266 praedicati
478 4193 656 4249 continentem
669 4191 700 4247 in
714 4190 851 4263 requisitis
901 4209 972 4266 quae
989 4207 1088 4265 eorpus
1106 4195 1233 4248 nostrum
1251 4189 1323 4247 bene
1341 4191 1447 4248 malave
1466 4189 1597 4262 elidunt,
1611 4190 1692 4260 hujus

57 4282 184 4357 nbjoeti,
193 4286 224 4339 et
232 4281 363 4354 requisita
371 4283 492 4354 effeetus,
498 4281 546 4353 qui
555 4280 852 4355 quaeritur,oontinent
901 4280 1030 4338 scientiae
1043 4279 1176 4351 generalis
1189 4278 1357 4336 adminiculo
1370 4283 1430 4335 mm
1443 4282 1567 4336 ammata
1578 4296 1693 4353 cognos-

57 4370 339 4429 artitleianecmaria
352 4370 388 4426 ad
407 4386 470 4427 eum
485 4369 697 4444 producendum
729 4369 791 4434 Qua
804 4369 851 4424 de·
901 4374 1006 4440 cantur,
1020 4383 1104 4440 quam
1117 4365 1304 4436 exdatisjam
1314 4368 1508 4441 exqrerimentis
1522 4367 1690 4442 tieripotest,
1799 4407 1801 4410 ψ

56 4460 258 4518 mutuose
269 4474 333 4516 oum
352 4462 443 4516 totum
460 4457 542 4528 hujm
560 4456 690 4514 scientiae
706 4456 852 4512 mfifidm
902 4458 1053 4528 moetusque
1073 4455 1158 4511 etiam
1176 4459 1308 4529 appareat
1330 4472 1405 4512 nova
1428 4456 1617 4531 experimenta
1634 4473 1692 4513 non

56 4549 246 4622 mudantur,
272 4563 343 4621 quae
361 4552 509 4622 sequentur
533 4546 628 4604 omnia
647 4546 797 4602 inservient
815 4544 852 4601 ad
902 4563 967 4604 casn
992 4548 1100 4601 tantum
1119 4543 1167 4599 sed
1188 4548 1232 4617 et,
1257 4544 1350 4617 quoa!
1374 4544 1451 4618 licet,
1476 4545 1592 4603 oonsilio
1617 4546 1692 4603 inve·

56 4636 335 4712 maplmrusm
902 4633 1006 4707 niendi,
1032 4649 1082 4690 uec
1102 4632 1207 4689 sanitas
1231 4638 1391 4706 caeteraque
1414 4633 1488 4690 vitae
1505 4634 1597 4689 suasu
1617 4634 1691 4690 bona

98 4724 207 4794 oman·
232 4723 296 4781 talis
320 4722 434 4780 scientia
458 4722 587 4778 absoluta
610 4721 769 4794 iuberetur,
794 4738 852 4778 non
903 4724 1016 4780 deerunt
1036 4737 1177 4795 quousque
1201 4725 1266 4777 sunt
1284 4721 1315 4777 in
1333 4722 1456 4778 humana
1473 4725 1623 4796 potestate,
1642 4725 1692 4777 aut

57 4813 285 4890 putoquloqmm
297 4816 361 4886 post
380 4810 512 4885 pietatem
531 4815 560 4867 et
575 4808 713 4879 justitiam
731 4815 762 4867 et
783 4810 853 4866 arui·
901 4826 1043 4885 quousque
1059 4810 1178 4883 sapienti
1201 4810 1322 4884 placebit
1345 4810 1489 4867 demittere
1512 4809 1635 4865 animam
1655 4809 1691 4865 ad

56 4906 151 4962 Μ
162 4907 194 4961 et
206 4902 354 4959 nusum
367 4916 401 4956 ea
420 4899 532 4972 reperiri
551 4897 649 4955 melicus
667 4902 697 4954 et
714 4897 751 4953 ad
766 4898 852 4955 felici·
900 4899 1023 4973 corporis
1035 4914 1137 4955 euram.

58 4998 142 5050 &aa
154 4990 292 5051 dudm
305 4989 336 5047 in
348 4990 431 5047 rebus
444 4986 579 5059 bumana,
592 5001 749 5059 quanquam
762 4986 852 5041 ausim
945 4989 1020 5044 Haec
1040 4987 1155 5044 scientia
1174 4986 1322 5060 genualia,
1337 4988 1435 5058 fateor,
1455 4984 1577 5040 noudum
1591 5001 1610 5040 a
1623 5001 1691 5058 quo-

59 5081 156 5155 ᾰωο,
174 5080 267 5155 ipsam
279 5078 411 5154 pietatem
424 5081 453 5133 et
467 5075 605 5146 justitiam
623 5091 739 5148 semper,
759 5074 852 5130 amici·
901 5092 985 5148 quam
999 5076 1102 5132 uada
1114 5080 1269 5148 estusque
1286 5075 1371 5132 etiam
1390 5073 1471 5131 credo
1488 5089 1623 5147 possessa,
1643 5091 1692 5130 ne

60 5162 852 5241 mmanuutemplaumquoexunjmsoien·
901 5164 1118 5239 queamenisi
1136 5163 1197 5235 ejus
1213 5163 1295 5220 initis
1313 5163 1467 5235 uaduntu,
1486 5161 1538 5218 hoo
1557 5168 1692 5238 estprae-
