3706 5828
556 388 655 449 xcvt
698 390 754 447 AD
774 390 844 449 D!
865 386 991 449 BOESFS
1012 389 1190 451 nemroth
1210 390 1324 451 xxix.
1670 386 1737 455 739

103 530 168 605 ipo
185 526 410 587 Theodicaaa
435 527 526 587 lorum
551 528 646 587 notavi
666 530 698 587 Ρ.
718 528 900 589 Francisel
941 530 1206 589 deseruissetis
1226 532 1361 607 naturali,
1391 531 1544 591 formaliter
1562 532 1736 595 lnextemn

103 618 233 675 Suares
247 617 283 675 de
297 616 471 675 orationibus
484 617 646 691 batorum,
660 634 730 691 quas
746 634 900 677 οοοοοοοοιο
923 610 925 615 ’
941 636 1008 675 esso
1051 618 1117 677 Jam
1131 625 1163 678 ut
1175 620 1262 677 dnus
1275 621 1366 679 οοίίνο
1386 636 1443 677 non
1455 626 1500 679 est
1513 622 1681 681 modificatio
1695 624 1735 683 rei

102 704 207 765 babere
220 709 299 779 putat
313 718 363 776 per
376 706 550 761 harmoniam
564 706 790 779 mammillam.
941 707 1081 781 μοίνοος
1104 706 1145 764 itu
1158 708 1285 766 extensio
1306 724 1364 765 non
1382 709 1437 765 erit
1450 709 1616 769 modificatio
1630 712 1672 768 rei
1686 730 1736 786 per

148 794 273 867 Fapecto
287 792 325 849 ab
338 793 404 849 aula
417 800 512 851 nostra
524 793 699 866 facultatem,
713 808 836 851 mensem
849 793 899 849 Ju-
941 811 972 851 se
985 795 1153 853 inexensse.
1197 796 1259 853 ίίοο
1277 792 1467 866 argumentum
1486 815 1504 855 a
1522 799 1606 855 simili
1621 799 1665 856 hie
1679 816 1736 859 nou

58 915 62 923 ·
101 881 182 939 nium
202 879 452 952 lagiograpborum
471 880 712 955 Autrerplansimn
738 876 799 959 (qai
818 881 900 939 nobis
942 882 995 939 nisi
1019 881 1057 939 ad
1082 882 1348 941 reisiruilitudiuem
1364 884 1456 943 valera
1476 885 1536 958 ipse
1557 886 1630 945 haud
1652 887 1736 947 dubia

102 970 194 1027 adhue
208 962 298 1045 deest)
313 968 483 1041 reameudl,
503 968 578 1041 quod
591 968 707 1025 Colonia
720 969 827 1042 optime
841 970 899 1025 tisri
941 968 1076 1042 agrroscis.
1119 970 1281 1041 Videamus,
1306 987 1344 1027 an
1368 972 1461 1045 aliqua
1482 973 1570 1031 subsit
1589 976 1735 1033 sufficiens.

102 1074 202 1131 possa,
232 1058 291 1115 lixo
311 1058 415 1131 pretio,
439 1056 508 1113 mibi
525 1058 679 1129 Antverpia
699 1074 750 1130 per
780 1057 900 1115 amiwtn
942 1060 985 1116 Aa
999 1059 1119 1131 primunr
1132 1058 1332 1133 comparationi
1346 1058 1430 1129 objici
1444 1074 1525 1132 posse
1537 1061 1660 1133 udatur,
1683 1064 1736 1119 rir-

104 1146 286 1215 sipuitteatuor
305 1150 358 1203 est.
399 1143 477 1203 Tune
495 1144 582 1201 etiarn
600 1145 759 1203 inventiam
780 1151 899 1203 esdram
942 1150 1029 1203 tutem
1050 1147 1169 1203 activam
1190 1164 1250 1203 esse
1269 1163 1372 1205 noram
1390 1148 1600 1222 perfectionem,
1622 1151 1671 1207 sed
1685 1168 1735 1209 ex·

103 1234 198 1291 afferri
211 1238 319 1296 canto,
338 1231 416 1303 euim
437 1231 567 1289 dictionis
586 1232 719 1305 elegantis
737 1234 794 1291 alia
814 1234 900 1307 speci·
941 1235 1045 1307 tensio,
1067 1251 1114 1291 seu
1129 1234 1231 1307 positio
1245 1236 1366 1308 partiam
1380 1241 1461 1293 eastra
1475 1242 1565 1311 paroes
1579 1239 1671 1311 potius
1685 1239 1736 1296 im·

106 1320 184 1379 ruina
205 1322 271 1379 νίιίί.
301 1320 358 1379 Ubi
377 1336 451 1377 nuno
468 1320 567 1395 degat,
586 1336 673 1377 nosse
693 1322 785 1378 velim.
816 1322 900 1380 Reate
942 1323 1073 1396 perfectio
1087 1328 1143 1394 cst,
1157 1338 1220 1380 corn
1234 1323 1387 1381 tsdatram
1397 1322 1547 1383 obnoxiam
1558 1325 1735 1383 destructioni

104 1410 197 1484 faciet,
212 1410 237 1467 si
251 1407 326 1482 quod
339 1408 418 1483 operi
427 1408 519 1475 deest,
533 1408 571 1465 ab
588 1407 669 1464 initio
679 1408 823 1467 Societmh
834 1426 900 1483 sup·
919 1452 922 1465 .
941 1410 1069 1467 natarali.
1105 1410 1211 1467 Deinde
1226 1411 1353 1486 materis,
1372 1428 1420 1467 seu
1435 1412 1585 1485 paesium
1605 1430 1662 1473 non
1676 1415 1736 1471 exi-
1841 1416 1846 1425 ’

103 1498 189 1571 pleat
209 1499 296 1571 Spero
307 1502 336 1555 ot
343 1496 577 1555 continuationem
588 1496 774 1553 Bibliothecae
784 1502 898 1571 roetrro,
919 1468 922 1547 Ι
941 1496 981 1571 git
994 1498 1126 1557 νίνίοίοοι
1139 1499 1272 1573 adivam,
1294 1500 1334 1556 ita
1348 1504 1379 1556 ut
1393 1500 1510 1557 materia
1531 1502 1692 1559 naturaliter
1705 1503 1735 1560 in

104 1584 227 1661 houna,
255 1590 368 1643 eurante
393 1584 559 1642 liouanuo
584 1583 695 1641 taudem
719 1585 898 1659 prodituram.
919 1624 922 1689 Ι
941 1586 1071 1643 virtutem
1089 1586 1210 1643 sotirarn
1224 1591 1401 1661 prorumpat,
1422 1586 1476 1644 nisi
1495 1587 1629 1647 miraculo
1648 1590 1736 1663 impa-

104 1674 238 1748 0ptrrem
257 1672 379 1731 iudioenr
399 1671 520 1729 nancisci
540 1677 696 1729 vestroruin
715 1688 786 1729 nune
805 1673 899 1731 νίνοο·
919 1718 922 1729 .
940 1672 1039 1731 diatnn
1083 1674 1137 1733 Sed
1151 1675 1216 1731 talis
1229 1678 1273 1731 est
1286 1675 1418 1748 materia,
1437 1681 1468 1733 ut
1482 1676 1644 1733 naturaliter
1656 1678 1736 1735 babi-

104 1761 184 1834 tium,
195 1761 243 1834 qui
254 1760 364 1834 seriptis
373 1760 456 1817 aditis
467 1766 624 1819 noscantur.
638 1760 760 1817 Thood
768 1760 900 1819 ioaeam
919 1784 923 1821 ι
941 1764 1003 1817 tura
1016 1762 1053 1817 sit
1066 1762 1269 1835 extensionem,
1289 1764 1344 1819 nisi
1363 1763 1529 1836 impediatur
1549 1781 1599 1837 per
1611 1764 1735 1824 divinam

102 1848 231 1907 uanam
244 1848 327 1907 oredo
341 1849 489 1921 gratiorem
504 1848 561 1905 illio
574 1850 650 1919 tora,
665 1848 712 1905 ubi
727 1849 899 1905 minorosns
920 1834 1175 1937 {omnipotentiam
1220 1850 1301 1906 Unde
1327 1850 1412 1906 etiam
1435 1852 1592 1908 coutirnrari
1617 1852 1736 1928 adare,

102 1942 146 1992 est
159 1936 259 1994 Gallici
274 1936 423 2007 sermonis,
444 1936 519 1992 velut
532 1936 561 1991 in
578 1936 668 1992 ruatis
682 1937 848 2006 Gerrrrania,
869 1937 899 1995 in
921 1950 1001 1992 'esse
1027 1936 1273 2009 modificationem
1298 1954 1365 1994 nanu
1389 1938 1458 1995 nihil
1484 1940 1559 1995 alind
1581 1940 1736 1997 substantia

103 2024 194 2097 ltalia,
207 2028 291 2097 atque
303 2024 389 2081 aisn
401 2022 475 2097 apud
489 2024 603 2099 duglas,
618 2024 736 2098 nequid
750 2024 787 2081 de
799 2026 900 2100 hlispa·
921 1980 925 2065 Ι
941 2024 1041 2098 exigit,
1063 2040 1147 2098 quarn
1167 2026 1209 2081 sui
1229 2026 1453 2083 moditiaationes.
1497 2027 1623 2099 Dmiqua
1641 2029 1666 2084 si
1687 2044 1736 2085 ex·

104 2111 150 2169 nis
162 2112 259 2170 dicam
921 2068 1030 2211 {tensio
1044 2113 1112 2169 nihil
1128 2112 1276 2189 alludent,
1291 2128 1374 2186 quarn
1388 2114 1474 2189 ordo,
1489 2115 1638 2171 secundm
1651 2131 1735 2188 quem

149 2200 212 2257 Fuit
225 2199 300 2274 apud
314 2216 361 2258 me
373 2203 477 2257 oestate
490 2200 618 2274 proxima
628 2199 765 2257 Dumium
779 2201 900 2259 Gerar·
921 2220 924 2243 ¹
940 2204 1035 2273 partas
1053 2204 1117 2256 sunt
1131 2205 1211 2257 extra
1226 2207 1331 2274 partes,
1355 2204 1478 2275 proteeto
1497 2202 1565 2257 nildl
1585 2203 1661 2260 aliud
1682 2208 1735 2276 est,

105 2287 171 2345 dus
184 2290 371 2347 cornelius
384 2304 451 2345 vau
464 2288 528 2346 den
543 2288 686 2359 Driseh3
705 2288 754 2361 qui
767 2306 785 2346 a
799 2288 899 2347 notitia
939 2304 1024 2361 quarn
1038 2288 1205 2347 mollitestio
1219 2290 1360 2347 materiae.
1383 2290 1580 2347 Exausiouem
1592 2292 1736 2364 oomipsra

105 2380 154 2431 tra
168 2376 295 2449 inprimis
316 2380 358 2445 (et
372 2392 439 2432 sane
453 2378 567 2445 merito)
587 2377 773 2449 gloriabatur,
792 2378 899 2450 aliquo·
940 2382 971 2432 nt
985 2376 1142 2432 absolutum
1157 2392 1193 2432 cx
1207 2392 1242 2433 eo
1256 2378 1333 2434 tonte
1341 2377 1438 2449 oritur,
1454 2377 1528 2449 quod
1539 2380 1658 2451 spatium
1669 2396 1735 2436 oon-

106 2464 159 2519 ties
171 2466 208 2521 ad
223 2480 268 2523 rue
281 2464 388 2521 litteras
401 2464 490 2521 dedit:
506 2464 604 2521 melius
614 2480 677 2523 auru
691 2482 774 2521 nosse
787 2481 843 2523 non
857 2466 899 2521 tn·
939 2464 1056 2537 cipimus
1075 2480 1126 2536 per
1145 2464 1259 2521 rnodunr
1279 2464 1464 2536 substantiae,
1485 2481 1547 2520 cam
1569 2480 1627 2521 non
1647 2468 1735 2541 magis

106 2558 215 2621 gratam
234 2554 315 2609 toret.
354 2552 460 2609 Vellem
481 2553 542 2610 dari
563 2552 615 2627 ipsi
635 2553 805 2611 οοοοοίοοοιο
825 2554 899 2628 apud
941 2552 978 2608 sit
997 2552 1149 2609 abstantia
1168 2568 1252 2624 qoam
1272 2558 1392 2625 lempna.
1434 2552 1532 2625 ltaque
1546 2558 1619 2611 recte
1631 2555 1735 2612 solrola·

103 2638 234 2708 javenem
259 2638 378 2711 aliquem
403 2640 526 2697 nobilem
546 2641 704 2713 explicandi
725 2641 805 2699 dotas
826 2658 898 2699 suaa
921 2638 1003 2695 =stiei
1022 2640 1091 2697 olim
1110 2640 1230 2712 spatium
1251 2641 1312 2697 sius
1325 2642 1407 2698 rebus
1420 2640 1616 2712 imaginarium
1629 2642 1734 2716 disere,

105 2728 187 2792 Quod
201 2732 334 2803 superest,
349 2729 410 2785 vala
423 2732 452 2784 at
468 2730 540 2799 iare,
560 2736 589 2785 et
603 2745 706 2785 annom
720 2745 823 2786 novam
836 2745 900 2787 cum
920 2730 924 2805 ξ
942 2728 1030 2801 qualis
1050 2744 1093 2785 res
1111 2732 1154 2785 est
1174 2743 1305 2787 numerus
1324 2728 1385 2785 sine
1410 2745 1440 2785 ra
1460 2734 1611 2787 numerata.
1654 2731 1735 2789 Seoaa

105 2815 169 2872 aliis
182 2816 276 2873 multis
296 2815 383 2873 laetus
395 2832 454 2887 age.
484 2816 594 2874 Dabam
608 2818 772 2875 Honoreme
790 2818 840 2874 13.
853 2819 900 2875 ia·
920 2812 924 2871 ἰ
942 2815 1089 2873 sentientes
1102 2817 1133 2873 in
1146 2816 1232 2873 miras
1251 2833 1282 2873 sa
1294 2817 1427 2874 inducunt
1439 2816 1623 2874 difficultates.
1666 2820 1736 2877 Sub·

105 2904 196 2962 usarii
213 2904 308 2961 1116.
921 2883 924 2965 Ι
942 2904 1006 2961 latis
1027 2904 1193 2962 monadibus
1217 2920 1329 2961 rnauere
1352 2905 1542 2961 extensionem
1567 2921 1624 2961 non
1645 2905 1756 2979 magis·

551 2990 743 3049 Deditissirnus
921 2992 924 3005 '
942 3006 1038 3049 verant
1052 2998 1130 3066 puto,
1144 3008 1210 3066 quur
1224 2993 1339 3050 sublatis
1352 2994 1435 3051 rebus
1448 3008 1561 3049 maome
1575 3010 1713 3051 nummos.

455 3080 492 3137 (ί.
518 3081 554 3136 G.
581 3079 840 3138 Leibnittus.
920 3064 924 3139 Ι
986 3080 1049 3138 Non
1074 3080 1170 3155 video,
1195 3081 1337 3153 quomodo
1361 3080 1469 3154 corsipi
1494 3082 1582 3155 possit
1603 3082 1737 3139 realiraos

921 3168 1132 3241 'phaenomena
1152 3186 1212 3225 essa
1230 3174 1311 3227 extra
1331 3170 1525 3227 substantiam.
1569 3169 1643 3227 Nam
1663 3168 1737 3227 istud

150 3254 182 3311 P.
192 3256 220 3311 S·
244 3253 432 3328 Philosophiae
443 3256 572 3328 peculiari
583 3256 682 3313 sclrala
694 3256 839 3329 complecti
853 3272 902 3313 νο·
944 3256 1077 3313 reclinans
1102 3258 1210 3314 efficere
1233 3257 1330 3329 debet,
1355 3262 1387 3313 ut
1411 3256 1563 3314 substantia
1584 3258 1738 3331 composita

106 3344 162 3413 luit
191 3358 223 3399 ao
242 3343 363 3416 primurn
385 3349 475 3399 testor
495 3360 541 3399 ure
560 3360 618 3401 rem
639 3344 716 3417 quasi
739 3344 775 3399 de
793 3345 902 3415 integro
921 3371 924 3377 ·
942 3344 1082 3401 contineat
1092 3344 1196 3417 aliquid
1205 3345 1387 3401 aununtiate
1397 3350 1506 3417 praeter
1515 3345 1654 3417 monades,
1668 3344 1737 3403 atio·

105 3431 300 3503 considerasse,
315 3432 451 3503 sepositis,
466 3438 600 3505 quantum
609 3434 710 3505 liueret,
725 3430 902 3504 praejudiciis
920 3392 924 3455 Ι
942 3433 990 3505 qai
1002 3432 1077 3487 nulla
1088 3432 1200 3489 dabitur
1210 3433 1366 3490 substantia
1375 3433 1538 3506 composita,
1554 3434 1583 3490 id
1597 3438 1649 3505 ost,
1663 3448 1738 3493 oom-

106 3520 145 3575 ita
160 3518 280 3586 taajarn
293 3519 440 3591 perlmtro.
943 3519 1127 3593 positaernut
1141 3534 1217 3576 incra
1231 3521 1434 3594 plaenonresra3
1450 3520 1487 3575 Et
1501 3520 1530 3575 in
1544 3519 1738 3593 hocrnopror-

148 3606 218 3661 Germ
233 3606 296 3663 diuo
310 3607 455 3662 oratoriam
469 3622 529 3661 esse
542 3604 752 3678 indifferentem,
778 3606 902 3677 intelligo
943 3624 991 3663 sus
1003 3622 1065 3663 rom
1079 3606 1248 3665 solrolastieis
1258 3607 1360 3664 sentire
1369 3607 1506 3675 arbitron
1520 3622 1671 3679 eorumque
1680 3622 1739 3667 tm·

105 3692 180 3766 qood
195 3694 225 3748 iu
238 3708 271 3748 ea
286 3708 356 3763 pure
368 3693 506 3765 possiem
522 3697 573 3749 est.
600 3693 719 3763 Elegans
732 3698 774 3750 eat
788 3698 837 3751 tua
850 3694 902 3751 ob·
943 3695 1041 3751 teriam
1057 3694 1184 3767 primam,
1199 3700 1229 3753 et
1238 3698 1358 3752 formam
1369 3695 1587 3767 substantialem,
1602 3696 1739 3769 potentias

103 3780 188 3849 jectio
202 3780 273 3835 circa
287 3778 500 3836 indifferentiam
514 3783 661 3855 temporis,
682 3795 754 3852 quaa
773 3783 849 3839 enim
862 3784 902 3839 sio
943 3798 1043 3856 nempe
1055 3782 1203 3857 passis-am,
1225 3788 1254 3839 et
1267 3784 1396 3855 activam,
1411 3783 1565 3856 primitivas
1580 3782 1738 3858 compositi,

107 3868 179 3926 ratio
198 3867 324 3940 dabitur,
354 3883 404 3924 our
424 3869 542 3925 rnurrdus
560 3874 626 3925 tuno
644 3870 765 3943 primunr
783 3877 900 3927 creator.
942 3876 972 3927 et
984 3872 1151 3945 completum
1164 3887 1202 3927 ca
1216 3871 1250 3926 ils
1265 3872 1414 3943 resultans,
1434 3887 1531 3927 revera
1544 3870 1665 3931 arbitror
1678 3887 1739 3929 osas

107 3958 167 4027 Ego
181 3958 270 4013 iateor
284 3956 388 4011 nullam
402 3972 476 4031 ess,
497 3956 547 4012 aad
567 3958 719 4031 respondeo
736 3958 821 4014 ctiam
841 3960 901 4015 nnl-
921 4008 924 4019 .
942 3960 1012 4015 illud
1027 3959 1164 4015 vinculum
1179 3959 1369 4031 summotiale,
1382 3959 1456 4032 quod
1472 3974 1567 4028 urgeo.

106 4047 164 4102 lunr
178 4060 237 4100 essa
251 4044 326 4099 reale
339 4044 501 4117 (ίίοοῐίοιοο,
516 4061 589 4101 narro
602 4062 638 4102 an
653 4046 729 4101 rnillo
741 4050 807 4102 ante
819 4047 902 4103 annis
920 4034 924 4111 Ι
986 4049 1056 4104 Cum
1071 4046 1140 4121 dixi,
1155 4047 1293 4103 vinculum
1307 4048 1487 4105 substantiale
1500 4062 1560 4104 esse
1574 4044 1738 4120 principiam

103 4138 212 4191 creatus
225 4132 357 4204 fingatur,
377 4148 440 4188 carn
455 4138 564 4205 terupms
585 4150 642 4190 uon
656 4134 760 4191 sitnisi
774 4135 845 4190 ordo
859 4152 901 4191 re-
920 4124 924 4189 ἷ
942 4134 1058 4193 actionis
1067 4136 1224 4208 compositi,
1239 4135 1338 4205 objicis
1348 4134 1449 4208 primo,
1465 4134 1649 4193 substantiam
1661 4150 1737 4193 eom·

105 4236 182 4294 rum,
197 4236 254 4277 non
267 4219 373 4293 aliquid
386 4221 552 4277 abmlatunr.
597 4222 689 4295 Atque
703 4221 776 4278 idem
790 4221 826 4277 do
838 4238 900 4296 spra-
942 4223 1061 4297 positam
1086 4223 1169 4280 sitam
1195 4239 1256 4278 assa
1280 4224 1310 4279 in
1335 4222 1500 4279 monadibus
1521 4223 1738 4279 substantialiter

105 4309 147 4363 tio
161 4324 268 4363 οοοοοο.
312 4308 417 4365 Fadenr
429 4314 507 4382 suut,
527 4324 644 4382 quorum
658 4309 806 4365 discrimen
820 4327 838 4367 a
852 4326 900 4367 ns·
921 4326 924 4373 l
943 4310 1120 4368 moditiuatis:
1142 4310 1196 4367 Sed
1210 4312 1262 4367 hoe
1276 4326 1333 4367 uon
1346 4311 1478 4383 admitto,
1497 4315 1527 4367 et
1540 4310 1607 4385 quid
1619 4315 1663 4373 ast
1677 4326 1737 4374 rno-

105 4394 190 4465 rnine,
204 4411 239 4451 ne
251 4397 289 4451 ab
302 4396 437 4453 omuisdo
450 4398 571 4469 quidem,
584 4398 720 4471 assignmi
734 4402 834 4471 potest.
920 4402 924 4423 ¹
942 4398 1028 4457 uades
1041 4398 1258 4455 snbehntialitsr
1279 4398 1447 4455 modiiraril
1474 4397 1534 4467 Ego
1552 4402 1647 4471 putem
1668 4398 1736 4455 nihil

150 4481 214 4537 Nou
228 4482 299 4539 bena
313 4484 441 4557 memini,
461 4500 518 4557 quo
536 4492 700 4555 argomento
719 4502 786 4543 osas
802 4486 856 4543 οίιο
869 4485 901 4541 iu
920 4444 924 4559 Ι
942 4488 1092 4545 modificari
1106 4486 1328 4544 substantialiter.
1359 4487 1396 4543 Et
1415 4489 1538 4559 protecto
1556 4502 1621 4545 outo
1640 4501 1736 4543 verum

105 4569 243 4643 Fpistola,
265 4570 363 4627 Dissio
376 4572 483 4627 Gallius
497 4575 532 4629 d.
546 4574 582 4629 D.
601 4574 696 4631 1691.
710 4574 829 4646 inserta,
848 4588 901 4647 prro
918 4566 923 4711 i
941 4574 1112 4632 mbstautiae
1126 4574 1258 4631 iusticiam
1272 4575 1311 4631 sit
1322 4575 1413 4649 actio,
1434 4574 1489 4631 nisi
1507 4574 1568 4647 ’φοι
1581 4572 1736 4633 substantia

105 4656 271 4715 stabiliendo
280 4656 436 4715 disenmiue
446 4659 629 4733 hammonis,
640 4666 669 4717 et
678 4662 825 4733 οιοίοιίοος
838 4678 900 4718 cae·
940 4663 1108 4735 composita,
1128 4666 1264 4734 qmtenas
1277 4662 1430 4736 composita
1443 4669 1498 4736 ast,
1518 4663 1591 4735 agit,
1613 4675 1669 4723 nou
1682 4658 1736 4716 on't

105 4737 196 4803 arim
215 4745 462 4802 extensionem
480 4748 605 4820 οοοοίρίο
620 4752 652 4804 ut
665 4748 791 4805 ordinem
807 4750 900 4806 coexi-
919 4738 923 4807 Ι
939 4750 1093 4807 substantia
1105 4752 1268 4823 composita,
1280 4750 1329 4807 sed
1339 4765 1446 4807 nmium
1459 4751 1677 4823 phanoneuou,
1691 4746 1734 4801 ni·

105 4832 195 4889 standi
210 4832 332 4906 partium
344 4837 424 4889 extra
439 4839 543 4907 mdes,
564 4834 613 4907 qui
632 4852 683 4907 per
701 4834 901 4893 distantias
942 4838 981 4895 hil
995 4837 1098 4894 halam
1110 4842 1219 4911 praeter
1233 4839 1379 4911 monades,
1401 4843 1430 4897 et
1443 4838 1612 4909 amotarum
1627 4834 1735 4891 moditi-

106 4921 272 4993 eaplicstur,
293 4936 343 4977 seu
360 4921 578 4993 rmguitudinem
592 4922 656 4980 vias
669 4922 900 4982 brevissimasab
940 4920 1077 4995 cationes,
1104 4926 1180 4981 nulla
1200 4926 1317 4983 invicem
1341 4926 1410 4983 reali
1429 4924 1618 4995 connexione,
1645 4936 1736 4995 neque

106 5022 162 5063 nno
179 5008 341 5066 dhtaodum
359 5008 396 5066 acl
415 5007 499 5065 allud.
544 5010 659 5075 Quaeris
684 5010 782 5067 deiude
806 5018 901 5067 utrum
941 5012 1057 5083 Physica
1071 5012 1168 5086 (οοοοι
1178 5012 1282 5071 dadum
1292 5013 1423 5085 excludo)
1437 5028 1525 5087 nequo
1536 5009 1733 5083 Mataphysica,

106 5096 232 5151 mendo
245 5097 282 5153 sit
295 5096 395 5155 modus
407 5096 543 5170 ecrrporis,
557 5113 595 5154 an
607 5098 712 5170 ahquid
724 5098 900 5155 absolatnnrl
920 5116 1011 5187 'quas
1029 5100 1061 5157 tit
1079 5118 1130 5174 par
1142 5100 1280 5159 unionem.
1318 5101 1426 5170 objicis
1440 5098 1574 5171 mundo,
1595 5098 1735 5155 virentum

106 5179 142 5237 Et
161 5185 298 5252 prastasias
317 5185 371 5243 tibi
390 5185 479 5256 taath
492 5185 590 5259 placet.
635 5185 708 5243 Nam
721 5202 822 5260 eorpus
835 5202 901 5245 oon·
921 5187 1120 5265 ,substantiale
1137 5204 1200 5246 asse
1220 5188 1387 5265 principium
1408 5185 1594 5261 resistendas,
1617 5186 1659 5245 ita
1682 5189 1734 5259 est,
