3706 5828
124 270 210 389 104‘
559 328 666 386 XXIV.
693 326 1247 386 emenurnsunurll’untcmn
1268 333 1320 386 ete.

123 475 206 531 nibus
232 489 280 529 seu
306 485 404 528 omnes
435 469 556 526 ridentes
584 475 650 526 sunt
674 470 800 526 homines
827 469 912 526 etiam
936 466 939 585 Ῑ
963 486 1032 526 esse.
1076 470 1174 526 Omnis
1195 470 1289 527 ridens
1312 469 1474 542 esthemo,
1497 467 1698 542 ergoquidem
1720 471 1757 526 ri·

124 565 222 621 falsum
258 577 338 632 esse,
376 574 442 614 nam
480 564 512 614 nt
550 576 615 615 vera
651 558 688 615 sit
725 558 809 615 etiam
847 575 913 616 rere
936 588 938 642 p
962 560 1031 616 dens
1053 559 1208 615 esthemo.
1242 560 1350 615 Revera
1370 557 1447 612 euim
1467 558 1579 613 nemine
1599 558 1697 631 reapse
1719 559 1757 616 ri·

122 653 189 710 erit:
216 650 330 722 quidam
354 647 476 703 ridentes
503 652 570 704 sunt
599 647 630 703 in
660 646 834 720 homiuibus,
864 647 913 704 sed
962 648 1046 704 dente
1067 647 1160 703 nullus
1181 647 1275 703 ridens
1296 653 1340 704 est
1365 647 1459 703 homo.
1507 647 1604 719 ltaque
1625 651 1703 719 putet
1723 648 1756 702 in

122 757 157 798 ee
189 740 259 796 lelsa
291 741 334 793 est
366 736 391 791 si
423 735 516 791 nullus
544 737 626 792 homo
658 735 755 791 rideat
797 736 838 791 At
870 751 913 792 se·
961 736 1013 792 teli
1034 735 1190 805 objectione
1216 735 1435 810 propositionem
1461 735 1647 793 universalem
1672 735 1756 793 intel·

122 846 171 887 ous
186 831 229 883 est
243 826 268 881 si
283 826 374 881 does:
396 840 524 897 omnes,
548 823 657 896 siqui
678 822 808 896 rident,
831 829 912 880 sunt
960 824 1011 897 ligi
1032 824 1121 881 solere
1142 825 1178 881 de
1199 826 1343 900 supposito
1363 824 1481 898 ridente,
1503 823 1697 896 partimlarem
1719 825 1756 882 de

123 918 158 974 in
178 913 396 985 hominibus,
418 912 663 969 numexhaenon
677 911 813 983 sequitm:
836 912 911 985 qui·
961 914 1062 970 aemuli
1089 914 1205 970 ridente.
1254 914 1350 987 ltaque
1376 928 1440 968 eum
1465 912 1581 986 dieitur,
1604 913 1696 968 omnis
1717 913 1755 968 ri·

122 1008 213 1077 dam,
236 1003 296 1077 qui
317 1001 450 1073 rident,
473 1005 553 1056 sunt
573 1001 608 1056 in
624 1000 838 1073 hominibus,
861 1001 910 1057 sod
961 1001 1030 1057 dens
1053 1005 1097 1057 est
1117 1003 1213 1075 homo,
1243 1020 1309 1075 ergo
1334 1001 1447 1074 quidam
1472 1001 1566 1058 ridens
1594 1002 1752 1074 esthemo,

122 1096 188 1151 heec
198 1090 488 1163 tantumnquidem,
504 1090 532 1145 si
547 1090 608 1161 qui
622 1089 748 1161 rident,
763 1106 822 1146 seu
836 1106 911 1162 sup-
962 1106 1061 1146 sensus
1083 1091 1150 1160 erit:
1177 1092 1269 1149 omnis
1291 1090 1450 1164 suppositus
1477 1089 1572 1146 ridens
1594 1090 1753 1162 esthemo,

122 1182 231 1257 positi
253 1180 427 1251 ridentes,
451 1177 588 1233 suntin
609 1177 817 1236 hominibus.
856 1178 911 1234 lta·
960 1195 1026 1252 ergo
1047 1179 1160 1252 quidem
1181 1180 1340 1254 suppositus
1361 1178 1455 1235 ridens
1477 1180 1633 1236 esthemo.
1671 1179 1753 1235 Unde

121 1287 175 1345 que
196 1268 378 1342 Syllogismus
403 1266 456 1323 erit
482 1265 560 1322 talis:
588 1282 702 1323 omnes
730 1267 911 1340 suppositi
960 1273 1035 1323 reete
1056 1268 1235 1341 ooneluditur,
1257 1269 1371 1341 quidam
1396 1268 1479 1324 homo
1508 1267 1623 1341 (nempe
1650 1284 1753 1341 suppo-

121 1359 280 1417 ridentes
302 1360 385 1412 sunt
407 1352 589 1428 suppositi
610 1354 783 1427 ridentes,
806 1355 911 1428 (neque
961 1357 1047 1427 situs)
1070 1361 1114 1413 est
1135 1358 1293 1431 suppositus
1315 1357 1417 1414 ridens.
1468 1357 1522 1412 Sed
1543 1372 1602 1413 non
1623 1355 1689 1413 inde
1710 1357 1753 1412 in·

121 1447 197 1503 enim
217 1447 283 1503 lioet
303 1445 403 1517 dicere,
425 1457 522 1499 omnes
544 1443 681 1517 suppositi
701 1444 824 1500 ridentes
846 1449 913 1500 sunt
961 1447 1062 1502 fertur:
1085 1462 1168 1519 ergo
1183 1447 1322 1520 quidem
1337 1448 1436 1503 homo
1458 1448 1510 1500 est
1525 1449 1606 1502 aotu
1621 1445 1752 1503 ridens.

120 1530 343 1606 retundentes)
365 1548 463 1590 omnes
486 1532 621 1604 suppositi
638 1531 761 1589 ridentes
777 1537 843 1588 sunt
863 1534 912 1590 ho·
961 1534 1015 1591 Sed
1036 1533 1061 1589 si
1083 1535 1173 1608 diem,
1196 1535 1310 1592 omnis
1332 1539 1411 1590 eetu
1433 1550 1524 1590 nuno
1545 1533 1676 1606 ridens,
1698 1540 1754 1590 est

120 1626 219 1682 mines.
273 1623 347 1695 Ergo
380 1620 493 1694 quidem
518 1621 645 1677 homines
680 1626 746 1677 sunt
774 1622 912 1695 suppositi
961 1624 1076 1695 homo,
1104 1624 1185 1696 ponis
1207 1640 1304 1682 revera
1325 1623 1446 1695 aliquem
1467 1638 1542 1678 nune
1567 1625 1631 1677 ectu
1652 1623 1753 1694 ridere,

119 1715 251 1788 ridentes,
274 1728 324 1766 seu
345 1709 566 1783 interpretando:
594 1725 690 1766 omnes
718 1710 853 1784 suppositi
874 1711 912 1766 ri·
961 1727 1081 1784 eumque
1108 1729 1169 1768 esse
1196 1713 1350 1783 hominem,
1373 1712 1498 1783 adeoque
1522 1710 1644 1783 aliquem
1665 1711 1754 1768 homi·

119 1804 217 1860 dentes
238 1805 304 1856 sunt
326 1799 356 1855 in
377 1798 528 1872 suppositis
544 1798 707 1871 ridentibus,
729 1815 826 1896 ommes
848 1816 913 1874 sup-
962 1817 1027 1856 nem
1049 1805 1111 1856 actu
1132 1802 1237 1875 ridere,
1259 1816 1368 1875 semper
1389 1800 1466 1855 euim
1480 1799 1678 1856 assumendum
1699 1804 1752 1872 est,

118 1891 203 1966 positi
230 1890 352 1946 ridentes
378 1893 445 1944 sunt
470 1886 500 1942 in
526 1886 695 1959 hominibus,
723 1888 827 1944 seilioet
848 1905 912 1961 sup-
962 1890 1112 1945 terminum
1133 1907 1194 1946 esse
1216 1907 1312 1948 verum
1334 1890 1405 1960 Em,
1428 1893 1458 1944 at
1479 1893 1543 1944 netu
1564 1904 1638 1944 nuno
1658 1889 1753 1946 ridens

118 1980 232 2054 positis,
261 1995 326 2052 ergo
347 1977 461 2050 quidem
487 1975 613 2032 homines
635 1976 770 2049 suppositi
793 1977 910 2032 suntin
961 1978 1131 2050 nequidem
1152 1980 1210 2036 Ens
1233 1981 1285 2036 erit
1306 1999 1312 2032 r
1360 1978 1461 2034 falsum
1488 1977 1527 2033 sit
1547 1977 1668 2050 aliquem
1689 1982 1754 2035 aotu

118 2067 268 2143 suppositis
295 2065 460 2122 ridentibus.
504 2063 577 2121 Hine
605 2068 682 2137 putet
707 2065 792 2121 etiam
819 2066 911 2121 subal·
935 2060 937 2108 Ι
960 2067 1059 2124 ridere.
1449 2083 1453 2090 ·

118 2156 281 2214 tornationis
303 2153 529 2228 oonsequentiam
543 2152 629 2210 simili
644 2153 743 2211 abusui
757 2153 910 2212 obnoxium
934 2115 938 2232 J
1051 2217 1056 2226 ‚

722 2439 1006 2448 ..-.....-—·----..-.---
1011 2438 1121 2445 -a--0-
1127 2437 1144 2444 .-

851 2664 1007 2801 xxiv

704 2884 1146 2996 ἘΧΤΡιΑΙΤ1

869 3055 995 3115 u’Uun

513 3198 822 3320 LETTRE
868 3198 922 3318 Α
964 3197 1065 3317 ΜῙι
1102 3196 1356 3319 BAYLE

157 3421 228 3478 SUR
249 3420 302 3477 [ΙΝ
323 3419 492 3477 PRINCIPE
513 3396 696 3493 eluuntur,
718 3420 829 3477 U'l'lLE
850 3419 877 3475 Α
897 3418 1179 3476 L'EXPLICA'l'lON
1202 3419 1271 3476 DllS
1292 3419 1384 3478 mlx
1401 3421 1452 3478 DE
1472 3422 1522 3478 LA
1543 3420 1705 3481 NATURE.

795 3689 1062 3781 1687.

397 3968 546 4031 (nouvelles
564 3973 593 4019 de
610 3975 638 4019 la
655 3972 802 4028 reprensus
820 3975 864 4020 des
883 3976 969 4020 lettres
988 3985 1034 4030 prr
1052 3974 1150 4029 nsyrs
1168 3974 1249 4019 Arist.
1270 3973 1344 4019 1687.
1364 3963 1458 4029 lulli).

823 4101 1032 4109 -.-—--·-

154 4185 209 4241 J'ei
231 4201 268 4241 vu
290 4200 322 4240 oe
347 4200 402 4256 qne
429 4184 456 4240 le
478 4185 511 4241 R.
533 4187 561 4242 S.
584 4184 833 4241 Malebranelre
860 4182 902 4241 rd-
953 4182 1086 4258 priudpe,
1108 4183 1157 4256 qni
1178 4189 1222 4240 est
1242 4183 1277 4239 de
1298 4184 1387 4257 grand
1408 4199 1492 4256 usage
1509 4183 1579 4240 dans
1596 4185 1623 4240 le
1639 4187 1747 4243 raison·

110 4274 187 4348 pond
208 4272 226 4329 i
247 4273 276 4329 ln
297 4287 442 4344 remerque
464 4289 518 4346 que
537 4273 641 4344 J’eveis
668 4273 736 4331 inite
757 4290 805 4329 sur
825 4273 901 4346 quel·
952 4277 1075 4346 nement,
1097 4275 1127 4326 et
1148 4287 1201 4344 que
1219 4269 1251 4340 je
1273 4288 1309 4327 ne
1337 4277 1434 4330 trouve
1460 4289 1510 4346 pes
1539 4290 1638 4329 enoore
1665 4292 1746 4332 esses

109 4378 178 4434 ques
211 4362 272 4418 loix
304 4362 340 4418 de
373 4360 401 4417 lu
433 4366 547 4435 nature,
580 4362 649 4435 qu'll
681 4362 758 4419 svoit
784 4359 901 4418 tteblies
952 4359 1089 4434 employd,
1112 4360 1143 4415 ni
1164 4376 1243 4416 assez
1264 4377 1356 4417 oonnu
1370 4363 1441 4418 dens
1456 4365 1534 4418 toute
1549 4378 1601 4419 son
1616 4361 1744 4421 etendue.

109 4451 179 4506 dens
202 4451 229 4506 lu
250 4449 392 4506 recherche
414 4449 449 4505 de
471 4449 499 4506 la
520 4448 613 4506 verite
651 4450 674 4506 ll
695 4450 801 4507 semble
822 4465 901 4506 essen
953 4450 1089 4506 llason
1110 4446 1217 4520 origine
1239 4448 1274 4504 de
1296 4450 1447 4524 l’iniini,
1470 4450 1493 4506 il
1515 4455 1558 4506 est
1574 4451 1675 4508 absolu
1696 4453 1745 4509 ne

109 4537 220 4613 dispose
237 4536 310 4594 iles
331 4537 513 4594 abendonner
532 4537 693 4610 lui-meme,
715 4544 745 4595 et
764 4541 837 4596 oette
857 4538 901 4594 in·
951 4538 1069 4595 oessuire
1097 4537 1167 4592 dens
1187 4537 1217 4592 la
1237 4536 1408 4612 Geometrie,
1435 4539 1507 4594 meis
1529 4540 1550 4595 il
1571 4540 1672 4596 reussit
1695 4558 1745 4597 en-

108 4626 220 4700 genuitd
230 4630 275 4682 est
291 4629 347 4684 tort
361 4625 490 4698 lonasto,
511 4626 582 4682 mais
598 4641 706 4683 oomme
722 4627 793 4684 ileu
806 4627 900 4684 donne
950 4642 1014 4684 ooro
1035 4626 1105 4683 dens
1126 4625 1156 4680 la
1176 4625 1324 4700 Physique,
1347 4644 1398 4700 par
1418 4645 1450 4683 ee
1466 4643 1519 4700 qne
1535 4629 1563 4684 lu
1578 4631 1745 4686 souveraine

108 4714 157 4772 des
179 4715 289 4772 rsisom
310 4719 340 4771 et
360 4714 410 4771 des
424 4715 605 4787 restrictione,
625 4714 674 4786 qui
688 4731 759 4772 nous
781 4715 900 4774 leroient
949 4731 1069 4788 segesse,
1090 4713 1139 4788 qui
1160 4713 1204 4770 est
1224 4716 1253 4771 le
1274 4731 1370 4772 souroe
1389 4715 1425 4772 de
1446 4720 1537 4772 tontes
1558 4718 1662 4790 choses,
1685 4720 1745 4792 ugit

108 4808 216 4861 rentrer
240 4804 311 4861 dens
342 4802 503 4861 l'obsourite
534 4804 605 4861 dont
630 4801 663 4873 je
694 4804 766 4861 nois
791 4804 899 4864 d'evolr
949 4819 986 4860 en
1007 4802 1108 4877 perluit
1128 4801 1285 4878 Geomm,
1308 4809 1338 4861 et
1358 4804 1469 4861 suivant
1489 4821 1545 4860 une
1566 4806 1744 4863 harmoniei

108 4891 162 4950 tire
182 4909 214 4949 oe
236 4892 318 4965 uniet,
340 4893 439 4966 etqui
459 4893 598 4964 elroqnent
612 4907 652 4948 un
672 4893 779 4950 oertein
799 4893 899 4950 Prin·
948 4892 1066 4966 laquelle
1092 4891 1153 4948 rien
1179 4908 1217 4948 ne
1246 4909 1277 4948 se
1303 4889 1373 4967 peut
1401 4894 1517 4964 qjouter.
1566 4895 1640 4951 (l'est
1661 4912 1744 4968 pour·

107 4981 187 5054 cipe
209 4981 249 5037 de
270 4980 400 5038 l'ordre
421 4978 577 5054 generet,
598 4995 653 5053 que
670 4978 724 5049 j’ai
743 4981 898 5056 rerumque,
947 4981 1014 5056 quoi
1034 4997 1066 5038 oe
1088 4980 1210 5055 puneipe
1231 4985 1289 5038 sert
1310 4987 1428 5040 sourent
1448 4982 1483 5038 de
1504 4999 1607 5056 prenve
1623 5000 1660 5040 ou
1676 5001 1743 5042 exa·

104 5067 226 5142 j’mpero
247 5069 317 5143 qu'il
336 5085 405 5127 eura
426 5070 454 5125 lu
476 5067 562 5128 bontd
589 5068 624 5125 de
652 5073 816 5144 permettre,
843 5086 899 5145 qne
947 5086 1014 5127 men
1035 5085 1106 5144 pour
1126 5071 1195 5126 faire
1216 5071 1278 5128 voir
1299 5071 1415 5129 d'ubord
1444 5075 1474 5127 et
1499 5088 1550 5143 per
1571 5072 1686 5145 dehors,
1702 5073 1744 5135 ,le

103 5155 136 5230 jo
156 5173 202 5215 me
223 5172 303 5214 serve
323 5157 360 5215 de
380 5161 453 5217 eette
473 5157 602 5218 oomsion
615 5173 686 5233 pour
700 5158 846 5233 expliquer
865 5176 898 5218 oe
921 5207 924 5222 .
947 5158 1042 5218 dedat
1063 5158 1147 5216 d'une
1166 5159 1281 5234 opinion
1302 5161 1359 5219 mel
1380 5157 1521 5218 ooneertde
1543 5166 1629 5218 erant
1649 5163 1748 5219 mems-
