3706 5828
180 322 228 391 86
645 322 739 385 'xlm
760 326 811 383 nu
826 325 897 383 USU
911 324 1104 382 SCIEN'IIAE
1117 322 1330 382 GENERALIS.

178 481 260 547 cmm,
275 490 293 529 a
306 471 428 529 solvente
441 467 630 544 supplendam.
675 468 723 523 Jta
741 468 855 525 definlre
873 472 967 523 utrum
1017 466 1094 538 liquo
1107 483 1221 539 eorpom
1235 468 1369 538 separata,
1389 463 1414 518 si
1428 478 1497 536 opus
1509 466 1561 533 est,
1574 460 1708 518 solvenda
1725 461 1810 534 perti·

178 562 305 620 Machina
329 559 471 634 proposita
489 559 615 614 effectum
639 557 809 630 propositum
829 560 969 629 praestare
1017 572 1091 611 nere.
1134 553 1293 611 Ostenditur
1311 569 1391 626 ergo,
1411 567 1466 625 qua
1485 550 1615 606 methodo
1632 548 1729 607 omnia
1747 567 1810 623 pro

178 655 269 726 queat,
289 654 398 705 tantum
414 645 513 716 judicii
531 649 581 718 est,
601 648 632 701 at
644 644 813 701 oomminisci
827 644 969 719 proposito
1017 644 1138 700 blemta
1150 643 1222 700 solvi
1235 641 1349 715 possint,
1365 640 1501 711 siquidem
1514 656 1548 695 ea
1562 639 1683 695 humano
1695 636 1810 710 Ingenio

128 759 134 776 s
178 740 284 811 affeetu,
304 736 460 810 exeogitare
478 735 642 805 mammam,
664 749 721 789 non
740 737 849 789 tantum
871 732 970 802 jndieii
1017 731 1148 806 pombile
1161 735 1203 787 est
1222 730 1291 787 solvi
1305 745 1342 786 ex
1360 729 1441 801 datis,
1462 730 1511 783 aut
1528 743 1608 800 posse
1625 726 1809 783 ‹lanonshmi

177 833 232 901 est,
259 827 307 883 sed
337 823 513 881 inventionis.
561 821 651 891 Htrjus
680 822 752 878 duae
775 827 839 877 sunt
868 825 968 895 partes,
1018 819 1252 877 insolubihtatenn
1295 818 1441 883 Quomodo
1455 815 1561 889 possint
1574 815 1681 871 institui
1695 819 1809 871 aunem

173 916 254 990 prior
272 912 425 986 synthetiea
443 929 491 968 seu
510 909 718 982 oombinaterIa,
745 909 880 983 posteior
904 925 970 965 ana·
1018 909 1246 980 enumerationes,
1259 906 1399 979 quomodo
1413 904 1558 961 difficultas
1570 903 1657 960 dividi
1676 903 1765 977 poeit
1777 904 1809 958 in

177 1005 270 1075 lytiea
314 999 487 1072 Ostenditur,
518 1015 589 1071 quae
619 999 678 1053 sint
702 998 769 1053 artis
799 998 970 1055 combinata·
1019 1002 1119 1072 partes,
1145 1013 1204 1053 non
1227 995 1366 1070 quomodo
1391 993 1467 1066 libet,
1487 992 1536 1048 sed
1560 1007 1677 1064 quarum
1700 990 1809 1064 singola

177 1092 236 1151 riae
262 1092 348 1165 leges,
379 1093 409 1144 et
434 1104 468 1144 ea
493 1103 564 1160 quae
588 1086 671 1160 vulgo
698 1086 835 1157 analytica
859 1101 970 1142 eensen·
1019 1086 1111 1141 minus
1128 1086 1230 1142 lubeat
1248 1082 1424 1156 difflorltalis,
1445 1096 1529 1154 quam
1545 1085 1628 1136 antea
1645 1085 1746 1152 totum,
1760 1097 1809 1135 seu

177 1186 237 1255 tur,
265 1196 347 1252 saepe
369 1175 569 1233 eombinatoria
589 1192 662 1246 esse3
686 1174 916 1232 oombinaterlam
939 1174 970 1230 id
1019 1173 1159 1246 quomodo
1169 1173 1310 1247 problema
1324 1170 1410 1245 possit
1424 1168 1651 1226 deduciadaliud
1665 1169 1809 1242 problema

176 1270 252 1342 quod
269 1265 386 1341 quaerit,
411 1265 483 1321 inter
500 1267 607 1320 eaemra
625 1262 757 1335 invenire,
779 1267 808 1319 et
832 1262 894 1319 aliis
920 1279 969 1332 nq-
992 1269 996 1337 Ι
1020 1262 1135 1335 laoilim,
1154 1278 1241 1318 uuum
1260 1262 1305 1317 vel
1324 1261 1412 1333 plna
1455 1259 1498 1315 De
1521 1258 1624 1331 regula,
1644 1273 1714 1330 qma
1734 1256 1810 1312 iuco-

178 1357 247 1414 titiis
272 1355 323 1427 uti,
348 1353 515 1424 analytieam
536 1351 630 1407 omnia
654 1368 691 1407 ex
714 1352 775 1408 solo
798 1351 968 1424 problemate
992 1340 995 1423 Ξ
1019 1350 1127 1423 gnitum
1150 1350 1304 1407 oonsiderat
1329 1335 1416 1404 instar
1440 1346 1552 1418 cogniti.
1590 1346 1633 1402 Ile
1658 1344 1743 1401 modo
1767 1344 1809 1400 in·

176 1461 277 1519 emere,
302 1443 380 1499 illam
402 1442 437 1497 ad
459 1441 578 1514 integras
602 1439 729 1502 scientias
753 1455 881 1496 earumve
904 1455 968 1513 por·
1021 1439 1148 1495 veniendi
1167 1438 1288 1514 plurium
1314 1437 1443 1495 datorum
1466 1434 1662 1510 proprietatem
1686 1449 1810 1491 eommu-

177 1535 265 1591 tioues
284 1530 502 1604 eonstituondas,
524 1530 594 1587 hane
614 1528 651 1585 ad
671 1528 857 1602 problemata,
883 1544 901 1585 a
926 1543 968 1584 re·
1018 1544 1082 1584 nem
1096 1531 1145 1585 etc.

780 1831 1201 1843 ,Ἥ-

926 2185 1050 2284 ΧΙΙΙ,

806 2363 884 2437 na
915 2363 1172 2437 NATURA

431 2651 584 2772 USU
627 2510 1035 2773 SCIENTIIII]
1084 2648 1543 2772 GENERALIS.

281 2976 321 3034 (ι
338 2975 438 3025 naeus
455 2976 675 3024 helhultlsula
699 2979 805 3025 nondum
823 2977 895 3026 eura
913 2979 1022 3034 quaein
1043 2978 1199 3025 Blbllotheea
1215 2979 1296 3036 negt·
1317 2981 1485 3026 hanoverana
1507 2973 1700 3029 asseruntur.)

216 3210 363 3267 Sdentiam
381 3213 536 3286 generalem
554 3213 630 3285 dieo,
651 3228 720 3285 quae
740 3211 854 3269 modum
874 3212 962 3285 (lueet,
1013 3214 1122 3287 scimus,
1136 3230 1198 3270 sero
1207 3214 1279 3286 lieet,
1291 3212 1411 3283 nos-jam
1421 3213 1525 3270 dudum
1534 3212 1693 3287 praevideo
1702 3212 1806 3268 arulum

172 3316 269 3357 omnm
288 3299 357 3354 alias
376 3302 503 3358 scientias
523 3318 560 3358 ex
579 3300 651 3357 datis
672 3301 869 3358 allicientibus
888 3301 964 3357 iuve-
1013 3308 1041 3359 et
1057 3319 1219 3376 praedavere
1232 3303 1361 3376 potirisse.

172 3389 266 3446 niendi
276 3392 304 3444 et
314 3388 535 3462 demonstrandi,
545 3390 638 3462 itaque
647 3389 712 3445 illae
720 3391 965 3462 eognItionesquao
1056 3392 1138 3464 Deba,
1153 3391 1315 3447 sufficientia
1329 3391 1364 3447 ad
1379 3389 1508 3446 veritates
1526 3384 1720 3461 inveniendae,
1740 3392 1806 3443 sunt

172 3494 236 3535 casu
251 3480 359 3533 tanturn
371 3478 490 3535 inveniri
504 3482 659 3552 potuerunt,
671 3477 769 3534 abbae
779 3478 892 3535 scientia
906 3494 963 3533 non
1012 3479 1146 3552 principia
1167 3494 1237 3551 quae
1252 3479 1313 3550 jam
1332 3482 1397 3534 sunt
1415 3479 1446 3534 in
1466 3483 1587 3551 pronun,
1607 3481 1637 3533 ot
1655 3493 1693 3532 ex
1706 3477 1805 3549 quibes

172 3567 300 3641 pendent,
321 3567 443 3641 exempli
457 3583 539 3623 eausa
557 3566 631 3639 quod
651 3566 760 3637 lapillus
779 3567 887 3638 aliquis,
902 3567 963 3621 Ma·
1012 3569 1079 3624 solis
1093 3568 1151 3623 sive
1163 3568 1228 3623 aliis
1241 3568 1370 3623 assumtis
1383 3566 1508 3623 eoncludi
1527 3570 1618 3639 potest
1637 3564 1675 3637 id,
1695 3565 1730 3621 de
1749 3581 1805 3638 quo

171 3656 260 3728 grretis
273 3654 386 3712 nomine
400 3660 490 3729 notra,
507 3671 566 3711 sese
580 3656 616 3712 ad
630 3654 708 3727 polos
718 3654 836 3711 Telluris
850 3659 963 3711 cmver·
1012 3657 1110 3728 agitem
1143 3656 1205 3712 Sint
1219 3662 1273 3712 tres
1287 3655 1415 3711 veritates
1430 3656 1464 3710 A.
1479 3655 1511 3712 Β.
1527 3655 1556 3711 C.
1572 3671 1609 3710 ex
1627 3653 1726 3725 quibus
1740 3670 1804 3710 eon·

172 3747 229 3815 tat,
243 3743 295 3798 hoo
308 3743 383 3799 enim
396 3744 474 3800 nullo
488 3743 599 3816 ingenio
615 3743 706 3816 potuit
720 3743 881 3815 praevideri,
899 3743 963 3799 lieet
1010 3745 1085 3801 cludi
1100 3745 1187 3817 possit
1201 3749 1299 3817 quarta
1313 3744 1357 3816 1),
1372 3743 1448 3800 clleo:
1470 3743 1494 3798 si
1514 3747 1570 3799 tres
1590 3741 1655 3798 illue
1675 3742 1804 3798 veritates

171 3847 236 3887 usus
255 3834 283 3886 et
301 3832 509 3905 consequentiae
527 3831 684 3901 hujusmodi
704 3846 812 3903 quoque
830 3831 963 3905 eognitio·
1013 3833 1069 3888 sint
1087 3832 1238 3906 priucipia,
1258 3833 1288 3888 id
1306 3836 1357 3904 est,
1378 3848 1449 3904 quae
1462 3848 1520 3887 non
1533 3829 1743 3888 ratiocinatione
1756 3830 1805 3886 sed

171 3935 239 3975 num
253 3919 397 3976 ascientia
411 3920 530 3993 generali
544 3921 689 3994 pendeant·
721 3919 795 3974 Nam
813 3919 908 3977 habita
921 3937 963 3976 se-
1012 3921 1204 3978 observatione
1217 3921 1321 3978 disoere
1334 3936 1403 3993 opus
1418 3919 1478 3992 luit,
1493 3925 1522 3977 et
1531 3936 1601 3992 qum
1614 3919 1730 3992 prolude
1744 3924 1804 3975 tum

171 4006 227 4062 mel
246 4006 300 4061 ista
320 4008 456 4079 MagnetIs
475 4008 657 4082 proprietate,
684 4007 779 4063 statim
798 4011 827 4063 et
850 4007 962 4081 pyxidis
1012 4026 1073 4066 ase
1087 4009 1213 4082 invioem,
1233 4015 1291 4066 tum
1310 4009 1348 4065 ab
1367 4008 1437 4082 aliis,
1452 4008 1550 4065 saltem
1569 4006 1661 4080 quoad
1679 4023 1805 4081 praesen·

170 4093 297 4152 nauticae
321 4095 487 4152 oonstructio
512 4102 540 4153 et
559 4113 624 4152 usus
643 4096 673 4152 in
692 4096 848 4168 navigando
869 4101 962 4168 patere
1012 4102 1069 4154 tem
1106 4103 1229 4154 nostram
1260 4096 1459 4171 eognltionem,
1489 4096 1700 4169 independentia
1729 4100 1803 4170 sunt,

170 4183 281 4254 debuit3
296 4187 345 4239 aut
359 4184 382 4238 si
397 4184 529 4255 homines,
544 4185 654 4257 eognita
668 4185 792 4257 veritate,
808 4201 888 4240 usum
902 4183 963 4254 ejus
1012 4186 1111 4243 deinde
1125 4187 1149 4242 si
1164 4187 1241 4242 nulla
1254 4186 1352 4242 harum
1366 4185 1521 4257 verihrtum,
1541 4185 1656 4240 caeteris
1670 4185 1805 4241 manenti·

170 4271 963 4346 nauticumdiuignoravere,hoenonnisiignorantiaeAr·
1012 4276 1073 4347 bus,
1094 4275 1186 4330 omitti
1206 4275 1293 4347 possit
1311 4274 1388 4330 salva
1405 4273 1623 4344 ratiocinatione,
1643 4273 1761 4346 denique
1780 4273 1804 4329 si

170 4359 963 4426 tisiuveniendaotribuendumestQuemadmodumeidem
1012 4364 1118 4418 nullam
1131 4363 1217 4417 aliam
1230 4361 1387 4433 hujusmodi
1401 4362 1545 4418 veritatem
1563 4361 1598 4417 ad
1612 4361 1803 4434 integrandam

170 4448 346 4505 tribuendum
356 4451 411 4520 est,
428 4448 701 4522 qued'Ielescopium
714 4450 963 4522 etMieruscopium
1012 4450 1250 4507 ratiocinationem
1275 4450 1364 4507 tribus
1388 4450 1445 4506 illis
1463 4449 1546 4520 aljiei
1564 4466 1673 4506 neeesse
1691 4450 1744 4523 sitq
1763 4479 1799 4492 -

169 4540 264 4594 noshu
285 4535 395 4592 demum
414 4536 523 4592 saeculo
543 4536 678 4608 prodiere,
697 4555 760 4593 cum
774 4542 868 4595 tamen
888 4537 963 4610 prin·
1011 4538 1055 4595 his
1069 4539 1183 4611 inquam
1197 4538 1294 4610 positis
1308 4539 1378 4612 dico,
1393 4542 1449 4594 hes
1463 4539 1525 4594 illas
1538 4538 1667 4597 veritates
1681 4539 1716 4594 h
1727 4539 1760 4594 B.
1770 4539 1801 4598 G.

169 4625 243 4699 ciple
266 4624 371 4680 dudum
394 4623 541 4681 habuerint
563 4625 697 4698 homiues,
722 4627 877 4698 exquibus
896 4625 963 4683 haee
1012 4644 1070 4683 esse
1084 4627 1150 4682 data
1163 4627 1325 4684 sufficienda
1338 4628 1373 4684 ad
1393 4626 1587 4684 Inveniendam
1599 4632 1727 4699 quartam
1740 4628 1776 4683 D.

170 4715 352 4770 instrumenta
371 4712 450 4768 facile
470 4717 597 4786 poterant
617 4713 689 4786 duci,
709 4713 732 4768 si
752 4731 817 4770 vera
831 4715 961 4772 methodo
1055 4715 1197 4772 Habemus
1210 4720 1303 4773 autem
1321 4715 1462 4789 indicium,
1484 4714 1562 4785 eujus
1583 4732 1636 4788 ope
1649 4715 1803 4789 praevideri

169 4802 212 4860 usi
226 4801 350 4858 nissae
392 4800 552 4873 Ignorantia
565 4802 649 4858 etiam
663 4799 744 4871 hujus
757 4803 833 4876 artis,
847 4807 897 4860 aut
909 4804 963 4860 sal·
1012 4807 1105 4877 potest
1118 4819 1255 4876 quaenam
1268 4806 1333 4862 data
1346 4804 1402 4860 sint
1416 4803 1587 4877 sufficientia,
1602 4804 1654 4859 ita:
1669 4804 1748 4862 sires
1762 4808 1804 4860 ta·

169 4895 227 4947 tem
251 4888 403 4947 meditandi
432 4889 618 4962 impotientia,
650 4889 773 4962 plerique
801 4908 907 4950 errores
931 4892 961 4947 iu
1011 4893 1067 4950 lam
1080 4891 1153 4948 inter
1166 4910 1195 4948 se
1208 4893 1409 4950 connexionem
1421 4893 1592 4964 habeant,ut
1605 4909 1662 4948 uno
1676 4894 1721 4949 vel
1734 4894 1803 4951 duo-

169 4978 309 5036 eommuni
322 4978 381 5035 vita
394 4977 564 5051 eontingunt
575 4994 645 5050 quae
658 4977 717 5033 sive
730 4977 802 5034 cirea
815 4981 963 5037 sanitatem
1012 4981 1065 5038 bus
1076 4981 1122 5037 vel
1136 4981 1224 5037 tribus
1238 4983 1394 5055 plrnibusvo
1413 4980 1610 5053 determinatis,
1630 4980 1707 5038 aliud
1725 4984 1804 5056 quid·

169 5066 229 5122 slve
241 5067 313 5122 clrea
327 5070 451 5124 fortunas
460 5066 604 5122 hominum
616 5066 833 5140 committuntur,
845 5070 963 5142 plerum·
1012 5070 1079 5126 dam
1092 5068 1177 5126 etiam
1191 5069 1227 5125 sit
1241 5070 1452 5128 determinatum
1466 5070 1524 5126 slve
1534 5061 1656 5143 unicum,
1671 5070 1802 5144 sequihu,

170 5171 224 5229 qne
237 5154 313 5212 enlm
327 5171 391 5213 eum
403 5159 518 5214 eventus
537 5153 618 5213 nobis
632 5156 726 5212 oeulos
740 5156 857 5233 operuit,
878 5173 963 5233 agric
1013 5158 1044 5216 in
1062 5157 1201 5233 prioribus
1218 5158 1274 5216 illis
1291 5159 1357 5218 data
1380 5175 1440 5217 ease
1457 5158 1628 5218 semesum.
1674 5159 1803 5236 Exempli
