3706 5828
764 456 970 549 axum.

456 658 587 791 DE
654 662 1291 811 LIBERTATE.

492 1026 537 1082 (n.
556 1031 619 1075 uss.
637 1028 808 1077 struamus
825 1030 1010 1077 flauererauae
1027 1030 1134 1078 nondun
1150 1018 1248 1089 ellrls).

762 1182 973 1193 -......-—-.-.·-

96 1318 260 1377 Libertas
285 1318 327 1373 est
351 1312 542 1388 spontaneitus
567 1312 772 1391 ¹intelligentis,
799 1316 850 1372 ita·
893 1316 975 1390 ipsis,
1003 1330 1091 1388 eoque
1113 1319 1177 1373 sunt
1196 1312 1365 1388 potentiores
1379 1315 1407 1367 et
1421 1311 1612 1389 perfectiores,
1646 1317 1690 1373 vel

54 1421 120 1479 qne,
145 1406 219 1479 quod
233 1408 417 1478 spontaneum
437 1406 480 1473 est
499 1402 529 1457 in
548 1402 632 1459 bruto
651 1403 694 1460 vel
715 1403 851 1461 eliasub·
893 1404 1110 1461 determinantur
1130 1402 1242 1460 aliunde
1262 1404 1422 1457 eterianus
1447 1398 1511 1456 aliis
1532 1403 1614 1460 rebus
1634 1422 1691 1462 ser·

54 1496 156 1551 stantia
170 1492 325 1549 intellectus
339 1496 463 1565 experte,
478 1490 508 1545 id
524 1490 554 1545 in
568 1490 679 1547 homine
695 1492 737 1548 rel
752 1492 781 1547 iu
795 1492 852 1548 alia
893 1492 952 1548 vire
965 1496 1108 1561 coguntur.

56 1580 208 1639 substantia
226 1580 411 1652 intelligente,
436 1577 519 1635 altius
537 1578 657 1650 assurgit
680 1584 709 1636 et
732 1578 851 1637 liberum
938 1581 988 1638 Eo
1003 1579 1112 1649 magis
1125 1584 1177 1634 est
1192 1575 1345 1635 libertas
1366 1590 1432 1648 quo
1447 1576 1556 1649 magis
1571 1579 1692 1649 agitur

56 1670 218 1745 appellatur.
894 1668 1113 1740 erratione,
1140 1682 1179 1722 eo
1205 1664 1321 1737 magis
1347 1667 1400 1719 est
1425 1664 1598 1741 servitus,
1624 1683 1692 1739 quo

100 1752 852 1829 spontaneitasestcontingentiasinecoaetiono,
897 1746 1583 1829 mag'isagiturexanimipassionibus.
1620 1754 1694 1813 Nam

58 1862 106 1901 seu
124 1848 305 1917 spontaneum
319 1840 449 1915 estquod
462 1858 514 1898 neo
526 1842 724 1917 neeessariam,
746 1858 795 1899 neo
808 1856 853 1899 eo
896 1849 1032 1917 quatenus
1056 1842 1164 1912 agimus
1185 1856 1222 1896 ex
1242 1840 1364 1913 rationo,
1391 1854 1426 1894 eo
1445 1841 1535 1910 magis
1554 1838 1694 1914 sequimur

57 1938 148 1990 actum
163 1935 214 1987 est.
897 1931 1093 2006 perfectionem
1107 1934 1219 1986 nostrae
1237 1933 1368 1995 naturae,
1387 1942 1444 1999 quo
1464 1944 1530 1984 roro
1550 1930 1637 1999 magis
1657 1947 1694 1987 ex

100 2017 318 2090 Contingens
341 2031 389 2073 seu
410 2014 685 2073 Non-neocesarium
710 2019 752 2073 est
776 2014 855 2087 euius
896 2018 1070 2094 passionibus
1089 2018 1212 2090 agimus,
1234 2032 1268 2073 eo
1288 2015 1377 2088 magis
1401 2016 1536 2073 servimus
1555 2019 1695 2092 potentiae

59 2108 217 2182 oppositum
232 2120 289 2161 non
305 2103 429 2177 implicat
442 2103 696 2162 contradictionem.
897 2124 989 2166 rerum
1004 2112 1208 2163 extranearum.

101 2196 265 2251 Coactum
279 2196 338 2265 est,
353 2190 431 2261 enjus
445 2192 610 2265 principium
625 2198 667 2249 est
680 2196 831 2250 externum.
1235 2190 1363 2247 Scholion

102 2282 321 2340 Indillerens
343 2296 405 2335 cum
435 2295 493 2336 nen
524 2283 566 2336 est
591 2278 681 2349 major
705 2280 778 2335 ratio
807 2295 856 2338 cur
941 2281 981 2339 Ut
1005 2296 1072 2351 ergo
1096 2294 1157 2337 rem
1182 2279 1211 2335 in
1237 2294 1374 2336 summam
1392 2278 1567 2336 contraham:
1611 2280 1696 2340 Nulla

60 2372 112 2427 lroc
126 2369 218 2442 potins
232 2368 280 2424 liat
294 2382 357 2425 cum
369 2362 397 2437 ¹)
413 2366 492 2423 illud.
537 2366 626 2440 Eique
640 2366 789 2440 opponitur
804 2367 857 2425 de·
875 2318 879 2401 ¹
897 2374 940 2426 est
964 2370 995 2426 in
1020 2369 1103 2425 rebus
1128 2368 1311 2438 singularibus
1336 2368 1496 2442 necessitas,
1527 2368 1576 2424 sed
1602 2371 1697 2427 omnia

61 2458 296 2515 terminatum.
899 2462 964 2515 sunt
989 2457 1184 2527 contingentia
1229 2454 1359 2512 Vicissim
1384 2459 1477 2511 tamen
1501 2456 1578 2511 nulla
1604 2462 1646 2512 est
1666 2458 1696 2513 in

88 2541 858 2612 Omnessnbstantiarumsingulariumaetio·
877 2596 880 2617 ,
900 2547 983 2602 rebus
1003 2544 1205 2617 indifferentia,
1232 2544 1281 2599 sed
1301 2544 1395 2600 omnia
1419 2548 1484 2609 sunt
1507 2543 1697 2601 determinata.

61 2651 122 2691 nes
141 2636 222 2689 sunt
241 2631 510 2699 contingentes.
555 2630 628 2686 Nam
647 2630 754 2687 ostendi
769 2634 859 2703 potest
878 2626 881 2631 ’
900 2635 1042 2699 Quatenus
1061 2631 1128 2704 quid
1149 2648 1199 2703 per
1219 2649 1250 2687 se
1263 2630 1475 2705 determinatur,
1492 2636 1602 2689 catenus
1616 2650 1697 2706 spou-

61 2738 120 2780 non
141 2721 282 2795 implicare
295 2717 540 2775 contradictionem
554 2722 585 2774 ut
600 2734 645 2774 res
660 2718 741 2774 aliter
754 2720 831 2775 liant.
878 2736 881 2741 ·
900 2726 1011 2777 taneum
1027 2719 1072 2775 rel
1087 2718 1133 2793 (si
1149 2717 1305 2789 intelligens
1319 2712 1374 2796 sit)
1394 2719 1511 2775 liberum
1525 2726 1581 2794 est,
1602 2726 1697 2792 qualo-

106 2811 231 2865 Omnes
245 2812 362 2864 tarnen
375 2806 536 2861 actiones
551 2811 635 2862 sunt
649 2806 860 2862 determina·
878 2758 882 2889 ¹
901 2824 953 2864 nus
973 2806 1173 2863 determinatur
1191 2806 1318 2878 aliunde,
1339 2812 1451 2863 eotenus
1473 2808 1572 2882 servit,
1594 2825 1642 2864 scu
1656 2814 1698 2865 est

63 2902 120 2954 tae
134 2901 168 2953 et
182 2911 356 2967 nunquam
376 2894 650 2966 indifferentes,
671 2894 737 2965 qnia
753 2909 861 2966 semper
879 2894 882 2907 ¹
900 2900 1035 2953 coactum.
1079 2894 1168 2967 Hinc,
1194 2910 1250 2966 quo
1268 2894 1334 2967 quid
1353 2894 1441 2965 inagis
1456 2911 1506 2966 per
1520 2912 1549 2951 se
1563 2897 1599 2953 ab
1616 2896 1698 2953 indif-

62 2986 144 3041 datur
168 2985 239 3039 ratio
264 2984 399 3038 inclinans
423 2980 535 3055 quidem
554 2997 610 3037 non
629 2985 732 3037 tarnem
747 2982 861 3037 necessi·
903 2984 1018 3040 ferentia
1038 2983 1177 3039 remotum
1190 2982 1240 3055 sit,
1267 2998 1301 3037 eo
1327 2986 1369 3037 cst
1388 2982 1527 3053 potentius
1549 2999 1596 3039 seu
1611 2986 1699 3057 perle-

64 3079 140 3145 tans,
168 3074 199 3126 ut
224 3070 265 3126 sie
289 3070 396 3143 potius,
422 3084 507 3141 qnam
531 3070 611 3126 aliter
634 3068 690 3126 liat
735 3069 811 3126 Nibd
830 3070 861 3125 lit
901 3072 988 3146 etius,
1013 3071 1158 3143 minusque
1183 3086 1254 3143 opus
1279 3068 1361 3126 babet
1379 3068 1491 3125 aliunde
1513 3069 1698 3129 determinari.

64 3161 125 3216 sine
139 3160 257 3215 ratione.
880 3156 1051 3227 {Deuscum
1061 3159 1098 3215 sit
1108 3159 1324 3231 perfectissimus
1337 3157 1459 3229 adeoque
1470 3158 1637 3233 liberrimus,
1653 3162 1700 3219 dc·

108 3245 275 3304 Libertas
294 3243 572 3300 indifferentiae
586 3249 641 3301 est
655 3242 859 3317 impossibi·
880 3264 883 3313 ;
903 3247 1066 3305 terminatur
1086 3263 1123 3303 ex
1137 3264 1166 3303 se
1180 3247 1249 3304 solo.
1292 3244 1352 3303 Nos
1375 3262 1449 3320 rere,
1464 3262 1520 3320 quo
1534 3248 1622 3317 magis
1636 3265 1700 3307 cunr

64 3336 117 3392 lis.
162 3334 287 3390 Adeunt
302 3332 382 3388 nein
397 3332 486 3389 mum
501 3332 613 3405 quidem
627 3330 716 3404 eadat,
732 3347 797 3388 nam
813 3332 861 3388 de·
881 3390 884 3401 ,
903 3335 1012 3391 ratione
1030 3335 1138 3405 agimus
1152 3346 1191 3391 ¹eo
1210 3334 1298 3407 magis
1316 3350 1353 3391 ex
1372 3338 1468 3391 nemra
1485 3341 1598 3392 naturae
1613 3340 1700 3409 perfe-

66 3422 228 3479 terminatus
252 3420 301 3477 ille
325 3424 369 3477 est
393 3418 429 3477 ad
455 3420 593 3493 optimum
617 3419 803 3495 alliciendum,
834 3423 864 3475 et
905 3421 1046 3479 ctionibus
1074 3422 1303 3497 determinambr,
1333 3424 1384 3479 hoe
1410 3428 1453 3478 est
1487 3423 1568 3480 liberi
1596 3440 1698 3481 summ.

65 3513 191 3568 meatum
206 3524 315 3583 semper
329 3524 366 3565 ex
382 3508 538 3565 rationibus
559 3508 674 3566 internis
688 3508 864 3581 extensisque
881 3526 884 3551 ³
906 3509 987 3576 Quod
1012 3527 1080 3567 vero
1107 3510 1183 3583 ipsae
1201 3510 1382 3584 perfectiones
1401 3514 1513 3566 nostrae
1532 3511 1701 3587 alienaeque,

64 3598 271 3655 determinatur.
906 3602 1019 3670 totaque
1037 3614 1130 3655 remm
1150 3602 1261 3671 natura,
1282 3614 1319 3653 ex
1339 3596 1433 3653 divina
1452 3598 1593 3654 voluntate
1610 3607 1701 3658 creata

111 3686 184 3750 Quo
198 3684 278 3757 plns
292 3681 522 3739 substantiae
536 3687 618 3738 sunt
632 3699 691 3757 per
705 3699 740 3740 se
750 3682 862 3740 deter-
905 3691 957 3760 est,
971 3685 1096 3742 libertati
1109 3686 1357 3759 spontaneitatiqne
1371 3701 1464 3742 rerum
1478 3687 1516 3742 nil
1533 3686 1627 3763 obest,
1642 3690 1700 3748 imo

66 3773 238 3841 minatae,
252 3776 285 3826 et
308 3769 350 3826 ab
370 3769 623 3825 indifferentia
643 3776 808 3845 remotae,
822 3788 862 3828 eo
881 3814 885 3847 :
905 3774 998 3847 potius
1013 3774 1076 3831 idco
1090 3790 1135 3831 res
1149 3774 1253 3831 liberae
1266 3778 1338 3847 sunt,
1353 3773 1428 3845 quod
1442 3774 1517 3830 Deus
1530 3774 1649 3847 aliquem
1665 3778 1700 3834 iis

67 3864 148 3917 sunt
176 3858 422 3933 perfectiores.
467 3856 537 3914 Cum
566 3858 641 3913 enim
673 3874 782 3931 semper
806 3859 862 3917 sint
881 3928 884 3933 Ι
904 3862 1020 3935 gadum
1045 3862 1221 3939 perfectionis
1241 3878 1290 3921 scu
1309 3862 1443 3920 libertatis
1462 3878 1528 3920 suae
1546 3867 1700 3922 communi-

68 3949 280 4022 ‹leterminatae,
312 3946 356 4004 rel
375 3946 478 4005 babent
501 3944 756 4005 determinationem
776 3964 813 4005 ex
832 3964 862 4005 se
881 3954 884 3965 '
903 3950 986 4011 cavit.

68 4066 281 4079 ...ρ-

109 4115 135 4183 ¹)
153 4127 170 4171 r.
188 4100 272 4180 rasa.
