3706 5828
145 319 194 387 ee
488 276 490 281 ’
668 325 720 385 iii
741 326 794 385 11
806 328 973 386 caiana
980 326 1252 386 PfflwSOPlssou,

146 488 217 545 snm,
241 486 337 527 revera
357 469 426 527 nihil
443 469 520 526 aliud
538 471 575 526 sit
598 485 683 544 quam
707 469 933 526 soloecismus
984 485 1060 542 num,
1085 469 1311 540 conjectu-arum,
1337 467 1508 524 indiciorum
1552 468 1667 525 Possum
1691 467 1779 525 etiam

148 561 192 618 vel
217 559 467 631 barbarismus,
493 574 530 615 ex
554 559 621 634 ipsis
640 558 830 633 grammatiees
854 559 934 631 hujus
985 557 1137 631 ostendere,
1152 558 1292 630 quomodo
1306 573 1363 612 nun
1377 557 1468 612 minus
1483 557 1513 612 in
1531 557 1636 613 calculo
1656 557 1779 630 gencrab

147 647 348 725 philosophicae
361 646 468 721 legibus
482 646 561 704 facile
574 648 761 705 revincendus
985 663 1069 721 quam
1082 647 1114 703 in
1134 647 1239 704 calculo
1258 645 1399 701 numerieo
1418 644 1579 702 examina
1598 645 1656 702 sive
1675 645 1780 703 indicia

192 738 254 804 Quo
273 737 354 809 11111,
374 736 484 809 quando
503 736 627 795 orientur
644 736 860 811 controversiae,
879 753 937 793 non
986 735 1111 793 veritatis
1135 734 1285 808 exeogltari
1310 734 1417 807 possint
1435 733 1583 802 objectioni
1602 735 1778 806 novenarius,

69 865 74 873 ,
149 824 237 899 inagis
250 824 435 898 disputatione
445 841 514 898 opus
527 825 664 883 critinter
674 826 743 883 duos
752 825 937 898 philosophos,
987 825 1142 896 talibusque
1172 823 1235 880 aliis
1264 822 1401 879 similibus
1433 823 1640 897 respondentia,
1667 838 1781 897 piursias

149 930 233 988 qnam
247 914 319 970 inter
332 914 402 970 duos
416 913 609 987 Computistas.
651 913 772 972 Sufficiet
789 914 872 988 enim,
894 931 939 971 ea·
988 912 1218 987 queinadmodum
1242 911 1363 981 objectio
1386 912 1452 968 haec
1477 929 1525 984 per
1550 928 1596 968 me
1620 914 1781 970 enumeris

149 1004 238 1060 111111
252 1003 282 1058 in
300 1018 398 1058 manus
416 1019 536 1075 sumere,
555 1003 701 1076 sedereque
719 1002 756 1058 ad
774 1003 888 1075 abacos,
910 1006 941 1059 et
987 1001 1179 1058 communibus
1192 1001 1228 1057 ad
1241 1000 1391 1074 Algebram
1405 1000 1537 1056 translata
1554 1005 1605 1060 est.

148 1092 204 1148 sibi
218 1094 314 1149 mutuo
329 1091 430 1161 (111111
443 1091 468 1148 si
481 1091 571 1164 placet
584 1085 686 1171 amieo)
701 1091 805 1158 elisere:
826 1092 940 1148 caleu-
1032 1091 1066 1147 lii
1084 1091 1136 1146 lioe
1154 1095 1249 1146 tamen
1271 1105 1378 1162 semper
1397 1088 1542 1145 discrimen
1564 1089 1691 1147 manebit
1707 1089 1783 1147 inter

150 1181 270 1236 leuius.
989 1178 1100 1252 ingenia
1113 1178 1198 1235 etiam
1211 1177 1424 1252 postinvcntem
1438 1180 1466 1232 et
1479 1177 1619 1249 vulgatam
1632 1179 1702 1234 lianc
1715 1194 1783 1235 aua·

195 1268 237 1325 Ne
250 1267 312 1341 quis
325 1272 418 1325 autem
431 1285 450 1324 a
463 1283 508 1325 me
521 1267 702 1341 impossibilia
707 1265 809 1337 jactari
818 1271 868 1324 aut
880 1283 941 1341 spe·
990 1267 1073 1340 lysin,
1088 1270 1120 1323 ot
1133 1267 1182 1323 alii
1195 1267 1257 1322 aliis
1271 1265 1405 1340 1111111111
1419 1265 1569 1335 1111111111
1586 1267 1783 1339 extemporali-

151 1356 209 1413 rari
222 1360 309 1430 putat,
322 1356 462 1413 sciendum
476 1360 525 1429 ist,
545 1357 596 1413 hac
610 1361 669 1413 arte
682 1373 716 1413 ea
734 1360 842 1413 tantiim
861 1355 942 1424 (oon·
991 1360 1048 1412 tate
1071 1355 1273 1413 ratiocinemur.
1317 1353 1568 1427 Quemadmodum,
1593 1359 1699 1428 reperta
1718 1355 1782 1412 licet

152 1444 273 1502 venienti
286 1444 377 1502 studio
390 1445 529 1514 adhibito)
540 1462 620 1518 posse
630 1445 759 1519 obtineri,
775 1461 941 1518 quaecun·
990 1442 1171 1501 Arithmetiea
1185 1449 1214 1501 et
1227 1460 1261 1500 eo
1275 1442 1448 1517 perfectionis
1462 1441 1580 1518 11111111,
1596 1448 1628 1499 11
1641 1459 1693 1516 pro
1706 1461 1782 1500 ooni-

151 1549 216 1612 qpe
237 1548 279 1590 ex
300 1533 391 1590 datis
413 1538 678 1609 quantocunque
699 1532 841 1606 ingenio
862 1551 942 1607 pos·
991 1532 1069 1590 muni
1082 1548 1134 1589 usu
1147 1532 1216 1588 nibil
1230 1548 1394 1605 magnopere
1407 1531 1568 1603 requiratur,
1588 1532 1675 1588 nihilo
1689 1533 1783 1589 minus

152 1621 226 1677 sirit
246 1620 347 1694 elici,
369 1621 427 1680 sive
446 1638 517 1695 quae
530 1639 568 1678 ex
581 1623 653 1679 datis
667 1626 732 1678 sunt
746 1621 940 1694 determinata,
991 1626 1056 1679 sunt
1069 1621 1190 1695 quidam,
1204 1620 1252 1695 qui
1263 1637 1332 1693 pene
1346 1618 1406 1675 sine
1416 1619 1526 1675 calculis
1540 1623 1589 1675 aut
1602 1621 1709 1677 calamo
1721 1622 1783 1677 sola

153 1726 265 1784 prorsus
279 1714 311 1766 ut
324 1710 354 1767 in
368 1710 583 1784 problematibus
596 1711 778 1783 Geometir'ae,
793 1727 863 1784 quae
877 1727 941 1768 vere
991 1711 1021 1767 vi
1035 1708 1135 1767 mentis
1149 1710 1285 1765 maximas
1304 1708 1477 1782 operationes
1495 1709 1679 1782 promtissima
1691 1710 1784 1766 absol·

53 1838 56 1843 .
153 1798 219 1854 sacti
242 1803 319 1871 sunt,
343 1803 372 1856 et
391 1816 409 1856 a
430 1801 540 1856 fortuna
558 1800 603 1856 vel
621 1815 687 1856 casu
706 1799 841 1873 pendent,
869 1804 943 1857 eate-
990 1805 1068 1856 eunt.
1100 1799 1192 1872 Atque
1205 1798 1236 1855 in
1250 1797 1293 1853 bis
1306 1797 1590 1855 etiamdominabitur
1602 1813 1709 1872 semper
1724 1814 1784 1854 ex·

153 1901 206 1950 nus
230 1887 266 1944 ad
291 1891 381 1945 artem
405 1887 563 1945 inveniendi
584 1902 644 1945 uon
668 1887 805 1961 pertinere
829 1888 944 1945 manite-
992 1887 1181 1962 perientia,
1202 1886 1368 1943 ethomines
1386 1885 1416 1940 in
1431 1902 1481 1940 usu
1496 1886 1596 1942 versati
1610 1887 1694 1943 etiam
1708 1891 1782 1959 tunc,

152 1980 228 2032 stum
241 1980 292 2032 est.
993 1992 1057 2034 eum
1070 1976 1136 2032 laec
1149 1991 1194 2032 ars
1207 1975 1351 2049 praebebit,
1370 1989 1436 2046 prae
1449 1974 1521 2046 aliis,
1542 1974 1633 2030 minus
1652 1976 1784 2031 exercita·

197 2064 235 2120 Et
248 2079 284 2120 ne
297 2062 358 2136 quis
372 2078 455 2137 porro
473 2069 537 2138 post
551 2063 625 2121 *hane
643 2064 837 2122 limitationem
850 2065 944 2121 existi·
993 2066 1038 2139 tis,
1053 2064 1165 2138 ingenio
1178 2068 1208 2120 et
1220 2062 1334 2120 11111111
1347 2063 1468 2136 paribus,
1483 2062 1621 2120 valebunt
1647 2064 1686 2119 Ut
1699 2064 1784 2135 eriiiii,

154 2156 221 2226 met,
236 2151 329 2225 exigui
342 2150 426 2225 igitur
435 2167 501 2208 usus
514 2153 584 2209 hane
597 2156 685 2209 artem
698 2156 758 2211 lore
771 2154 802 2230 in
815 2153 871 2210 illis
885 2169 945 2211 om·
993 2154 1042 2228 qui
1060 2170 1141 2227 saepe
1160 2152 1305 2210 calculavit
1322 2155 1397 2208 certo
1410 2151 1530 2224 quodam
1547 2153 1630 2208 modo
1645 2145 1785 2229 (exempli

154 2238 246 2312 nibus,
260 2240 310 2296 ubi
328 2256 398 2314 opus
411 2245 454 2297 est
471 2239 643 2316 eonjeoturis,
663 2242 744 2299 utin
762 2242 945 2316 indagationi·
994 2242 1083 2317 gratia
1101 2258 1150 2315 per
1169 2242 1288 2298 florenos
1308 2244 1337 2296 et
1355 2240 1471 2310 solidos)
1490 2240 1515 2295 is
1535 2241 1669 2297 memoria
1688 2244 1785 2297 tenens

154 2329 208 2386 bus
226 2327 403 2386 historiarum
421 2329 544 2386 civilium
567 2330 612 2386 vel
629 2331 811 2403 naturalium,
836 2331 867 2387 in
885 2336 945 2389 arte
994 2334 1142 2405 proventus
1156 2345 1226 2403 quos
1240 2345 1321 2403 saepe
1333 2333 1461 2402 expertus
1475 2333 1526 2401 est,
1548 2329 1635 2386 multo
1650 2329 1787 2403 promtius

154 2415 332 2475 examinandi
344 2434 460 2491 corpora
478 2418 615 2475 naturalia
632 2419 676 2475 vel
695 2435 826 2493 personas
845 2420 946 2478 intelli·
994 2424 1138 2493 computos
1151 2418 1220 2475 tales
1232 2419 1366 2490 absolvet,
1386 2433 1469 2491 quam
1482 2417 1530 2490 qui
1547 2417 1578 2473 in
1591 2417 1656 2474 aliis
1666 2417 1787 2474 monetis

154 2509 257 2579 gentes,
284 2505 407 2580 adeoque
431 2507 463 2562 in
485 2507 544 2563 vita
568 2508 717 2582 communi,
743 2508 775 2564 in
800 2509 944 2583 medicina,
995 2508 1083 2582 magis
1102 2523 1185 2580 quani
1204 2506 1299 2562 iubae
1312 2511 1376 2562 sunt
1389 2506 1504 2577 versati3
1519 2505 1559 2561 ita
1579 2506 1628 2578 qni
1647 2506 1736 2562 multa
1756 2507 1787 2562 iii

152 2592 225 2663 jrne,
251 2593 416 2652 militaribus
440 2598 469 2652 11
493 2596 659 2669 reipublicae
680 2597 886 2671 gubernatione,
905 2627 942 2639 -
996 2597 1089 2669 aliquo
1109 2611 1207 2668 genere
1227 2594 1334 2668 experti
1354 2599 1431 2665 sunt,
1452 2593 1503 2666 illi,
1523 2594 1657 2650 memoria
1674 2601 1787 2652 evento

155 2680 295 2738 sciendum
309 2687 366 2739 est:
386 2684 564 2757 quantumin
577 2684 633 2741 illis
647 2685 776 2742 omnibus
788 2686 863 2743 valet
875 2686 947 2744 ratio
996 2701 1072 2757 ium,
1104 2701 1185 2758 saepe
1209 2682 1391 2740 ratiocinandi
1416 2681 1603 2738 necessitatem
1628 2684 1788 2756 praevenire

157 2764 254 2848 (valet
272 2774 366 2827 autem
383 2771 549 2845 plurimum)
573 2777 683 2830 1111111
700 2778 730 2830 11
748 2774 838 2831 multo
859 2775 947 2848 magis
996 2776 1119 2847 possunt,
1145 2777 1228 2844 atque
1251 2771 1321 2828 adeo
1346 2770 1583 2846 extemporalitate
1607 2772 1788 2845 praepollent.

155 2875 236 2932 prosse
263 2859 333 2915 banc
357 2863 459 2934 111111,
488 2876 560 2934 quae
587 2861 657 2918 nibil
680 2862 757 2918 aliud
782 2867 838 2935 est,
863 2878 948 2935 quam
996 2862 1111 2919 Interim
1124 2865 1229 2918 eertum
1242 2864 1292 2933 est,
1312 2859 1338 2915 si
1355 2861 1421 2916 liaeo
1434 2875 1479 2916 ais
1499 2860 1636 2931 analytica
1653 2861 1789 2932 generalis

156 2961 264 3003 summa
288 2948 424 3020 quaedam
448 2949 594 3024 exaltatio,
619 2953 649 3008 et
671 2951 949 3024 compendiosis·
997 2966 1064 3008 vera
1081 2949 1232 3023 aliquando
1252 2948 1377 3005 absoluta
1396 2953 1426 3005 et
1442 2948 1473 3004 in
1491 2949 1714 3004 consuetudinem
1733 2945 1809 3005 tra·'

156 3034 263 3091 simus
281 3052 347 3109 per
367 3037 527 3107 symbola
549 3043 693 3096 notasve
714 3056 794 3096 usus
812 3040 949 3097 humanae
998 3040 1080 3097 dueta
1097 3039 1255 3109 baberetur,
1274 3037 1398 3094 hemines
1417 3036 1477 3106 ejus
1500 3037 1681 3110 intelligentes
1705 3041 1790 3110 atquc

156 3123 279 3180 11111111.
998 3128 1160 3185 exercitatos
1179 3130 1287 3182 1111111
1306 3126 1368 3182 aliis
1381 3125 1566 3199 praoetituros,
1585 3125 1698 3182 cacteris
1716 3126 1791 3200 pari·

200 3212 307 3286 ltaque,
322 3212 432 3286 quando
446 3230 484 3271 ex
502 3214 574 3271 datis
587 3213 741 3288 quaesitum
762 3232 820 3273 non
839 3221 882 3273 est
903 3217 949 3274 dc·
998 3216 1058 3289 bns,
1079 3219 1213 3289 quantuni
1223 3215 1310 3271 sciens
1325 3214 1430 3287 ignaro,
1448 3214 1544 3271 doctis
1563 3214 1634 3286 rudi,
1649 3219 1791 3287 geometra

158 3300 336 3358 terminatum
355 3306 404 3359 aut
428 3302 615 3378 exprimibile,
640 3307 705 3362 tunc
718 3306 879 3362 alterutrum
899 3307 950 3362 liae
998 3309 1139 3379 praestans
1159 3303 1252 3375 tironi,
1273 3302 1430 3375 Algebrista
1450 3302 1564 3376 insignis
1584 3303 1689 3376 vulgari
1702 3304 1791 3361 calcu·

158 3390 267 3460 analysi
276 3390 484 3465 praestabimus,
494 3396 526 3449 ut
536 3391 580 3448 vel
589 3391 626 3449 in
636 3392 820 3450 infinitum
829 3410 950 3468 appro·
998 3393 1095 3451 latori:
1111 3392 1151 3448 ita
1164 3391 1238 3448 enim
1249 3390 1343 3447 debita
1352 3391 1533 3464 intelligentia
1543 3391 1666 3448 adhibita
1676 3397 1792 3466 posunt

158 3477 379 3553 pinquemns,
405 3481 465 3554 vel,
491 3481 602 3554 qnando
626 3480 789 3551 conjecturis
813 3482 950 3554 agendum
999 3482 1111 3540 tandem
1124 3479 1237 3554 reperiri
1255 3479 1492 3551 omniaaquovis
1510 3484 1540 3537 et
1558 3481 1687 3536 metliodo
1706 3486 1791 3554 certa,

159 3571 215 3640 est,
242 3568 456 3625 demonstrativa
480 3568 578 3626 saltem
606 3570 714 3627 ratione
741 3570 950 3628 determine·
999 3574 1132 3644 quantum
1145 3569 1252 3626 ratione
1266 3583 1303 3624 ex
1316 3568 1388 3624 datis
1401 3584 1419 3624 a
1433 3569 1557 3625 maximo
1575 3567 1661 3625 etiam
1678 3568 1792 3643 ingenio

159 3670 232 3712 mus
253 3656 365 3730 ipsum
387 3656 530 3731 gradum
543 3657 833 3731 probabilitatis,
852 3659 900 3732 qui
913 3675 951 3716 ex
1000 3664 1082 3733 atque
1095 3656 1321 3715 exercitatissimo
1335 3656 1455 3714 obtineri
1469 3659 1587 3730 possent,
1601 3657 1662 3713 solo
1677 3658 1792 3731 promti·

159 3743 232 3801 datis
254 3745 349 3804 liaberi
374 3749 477 3820 potest3
508 3746 678 3820 sciamusque
706 3745 846 3820 quomodo
870 3748 951 3804 datae
1000 3746 1103 3807 tudinis
1117 3746 1273 3803 discrimine
1287 3750 1424 3819 manente,
1440 3744 1518 3816 ouius
1532 3745 1619 3818 inagis
1640 3745 1670 3800 iri
1684 3747 1793 3818 agendo

158 3830 378 3890 uiieumstantiae
391 3835 422 3890 iii
435 3833 555 3891 rationes
568 3834 664 3891 releiri
678 3833 805 3909 debeant,
823 3839 853 3891 et
872 3836 951 3910 quasi
1001 3852 1084 3909 quani
1097 3835 1128 3891 in
1142 3834 1302 3892 meditando
1321 3833 1541 3907 inveniendeque
1555 3838 1727 3890 momentum
1741 3840 1793 3891 est.

160 3919 191 3974 iii
209 3919 354 3996 bilaneem,
376 3923 492 3997 acceptis
511 3922 691 3998 expensisque
710 3922 842 3998 similem,
863 3924 952 3998 redigi
1000 3924 1164 3999 Plerumque
1183 3924 1271 3996 11111,
1291 3921 1452 3996 praessum
1470 3937 1533 3978 cum
1552 3922 1587 3979 de
1605 3921 1725 3980 scientiis
1744 3940 1794 3979 au-

160 4010 409 4084 111111111111
424 4011 545 4069 maxime
563 4011 666 4069 rationi
684 4015 898 4069 consentaneum
915 4014 952 4070 sit
1001 4012 1096 4087 gendis
1110 4013 1209 4086 agitur,
1231 4029 1275 4069 ies
1294 4011 1445 4068 meditandi
1463 4026 1572 4068 moram
1586 4013 1684 4068 111111
1718 4012 1794 4077 Quiri

161 4093 302 4168 eligamus.
344 4098 378 4154 ln
397 4113 453 4172 quo
472 4101 526 4157 etsi
545 4099 672 4158 fallamur
691 4099 856 4177 aliquando,
876 4105 908 4158 11
927 4101 951 4158 is
1001 4102 1080 4158 etin
1104 4102 1210 4175 agendo
1229 4116 1311 4174 saepe
1333 4100 1458 4156 homines
1482 4098 1657 4157 testinatione
1680 4104 1794 4173 peoeant

160 4182 211 4257 qui
227 4185 422 4258 111-1111111111
441 4187 527 4245 etiam
546 4190 643 4246 mistos
661 4189 764 4246 11111111
783 4189 859 4247 aleae
872 4189 952 4248 ludos
1001 4191 1082 4265 culpa
1095 4191 1400 4263 1111111111]οη
1413 4188 1505 4262 priore
1519 4187 1665 4246 festinandi
1678 4188 1795 4246 moossi-

161 4270 249 4345 novit,
263 4289 375 4348 agemus
393 4279 487 4332 tamen
506 4277 634 4351 quioquid
652 4279 724 4336 ratio
739 4276 828 4351 jubet,
849 4283 878 4335 et
896 4278 953 4353 ple-
1002 4282 1088 4337 tatem
1112 4279 1167 4335 sibi
1186 4278 1366 4351 imponentes,
1385 4282 1418 4334 ut
1438 4277 1584 4350 proverbio
1603 4277 1689 4333 etiam
1707 4278 1795 4334 incre·

162 4375 278 4434 rumque
286 4368 412 4437 optatum
422 4380 627 4441 eomeqnemur,
639 4367 872 4440 quemadmodum
882 4365 951 4424 boni
1001 4367 1101 4440 buerit,
1118 4366 1210 4440 pigros
1224 4382 1331 4439 semper
1351 4367 1487 4423 festinare
1530 4365 1637 4438 Nempe
1650 4365 1698 4438 qui
1711 4368 1796 4423 iebus

162 4448 274 4524 leores,
289 4453 468 4526 summaeque
476 4453 562 4528 ipsius
576 4454 656 4530 fabii,
667 4471 745 4530 quos,
759 4459 792 4512 nt
805 4454 951 4530 proverbio
1002 4455 1114 4530 agandb
1127 4459 1235 4527 vacant,
1250 4453 1337 4510 nimia
1355 4453 1542 4511 meditationis
1556 4453 1689 4510 dilatione
1708 4455 1739 4511 in
1753 4455 1795 4511 nl·

162 4535 270 4610 dicitur,
285 4538 359 4614 pilae
372 4540 475 4614 talique
492 4546 636 4616 quaerunt.
681 4544 718 4601 Et
736 4546 788 4601 hoo
806 4544 897 4618 ipsum
910 4542 953 4616 iu·
1002 4544 1085 4601 timos
1099 4543 1198 4616 agendi
1212 4542 1356 4617 articulos,
1376 4558 1432 4616 qua
1451 4542 1476 4598 si
1490 4557 1527 4599 ex
1540 4559 1571 4598 re
1583 4541 1690 4616 captiui
1704 4542 1795 4600 consi-

162 4624 315 4684 dicabimus
335 4627 410 4701 quod
433 4646 492 4686 non
515 4635 624 4688 tantum
648 4631 824 4690 verisimilius
848 4633 898 4691 sed
923 4636 953 4689 et
1001 4633 1070 4690 lium
1083 4631 1289 4706 paeupieiido
1308 4631 1408 4688 deinde
1426 4629 1632 4687 deliberationis
1651 4631 1796 4688 111111111-

163 4714 275 4772 111111
299 4715 352 4790 sit,
377 4720 406 4772 et
430 4721 563 4790 quatemu
587 4720 734 4777 conveniat
760 4737 838 4796 sporn
862 4720 952 4797 pretio
1002 4720 1255 4779 teminconsultam
1268 4720 1323 4777 sibi
1335 4720 1491 4793 imponunt

162 4818 262 4877 111111,
280 4804 442 4879 periculose
486 4807 591 4872 Quibus
616 4820 683 4867 saue
707 4807 775 4865 nihil
801 4808 891 4880 maius
915 4811 951 4868 ab
1046 4807 1828 4883 111111111111111111111111111111111111·ι

163 4889 283 4949 humana
295 4893 403 4951 ratione
416 4895 549 4968 postiilari
562 4899 661 4971 potest.
698 4897 795 4971 ltaque
807 4899 880 4956 inter
893 4916 954 4957 eae·
1002 4899 1157 4972 scopiorum
1176 4902 1284 4954 tantum
1298 4896 1449 4971 cognitioni
1468 4900 1584 4954 1111111
1601 4895 1670 4953 lueis
1689 4897 1796 4970 attulit,

163 4981 223 5034 tera
236 4982 337 5038 molior
350 4983 528 5057 egoLogieae
541 4989 647 5060 partem
661 4986 808 5062 quandam,
823 4987 953 5046 haetenus
1003 4987 1083 5044 iacilo
1096 4986 1212 5060 intelligi
1222 4990 1320 5061 potest,
1331 4985 1797 5059 qnantumpraestaredebeetiio·

101 5069 104 5079 '
164 5068 400 5146 propeintaetanr,
412 5072 448 5130 de
460 5074 689 5131 aestimandis
698 5074 953 5152 gradibuspro·
1003 5074 1478 5149 vumhocorganomquoipse
1488 5073 1589 5130 mentis
1599 5075 1798 5151 oculusquan-

165 5154 368 5220 babilitatii
386 5164 531 5229 11111111
549 5163 953 5251 pubesceremus
1004 5165 1453 5243 ammaumuapotetatest,
1468 5161 1626 5225 1111111111.
