3706 5828
104 282 194 389 xu*
734 321 1131 384 saanrasra

113 475 142 509 -·
196 450 263 526 Vll.
281 454 476 547 Dialogus
502 454 551 522 de
579 456 832 524 connexione
855 454 957 524 inter
983 478 1048 524 res
1076 465 1115 524 et
1134 453 1255 522 verba
1276 464 1316 522 et
1335 457 1518 524 veritatis
1538 455 1735 541 realitate,

108 595 205 667 quem
226 573 363 665 Ruspius
384 572 506 664 primus
527 569 631 655 edidit,
654 571 830 640 secundum
851 573 950 664 ipsius
972 570 1116 640 Leibnitii
1137 572 1351 639 testimonium
1373 593 1456 638 auno
1478 570 1734 641 leCLXXVll.

108 689 303 778 conscriptus
325 696 381 755 est.
1162 683 1173 689 ”

115 846 119 851 -
162 858 165 864 .
196 801 276 871 Vltt
296 801 476 895 Epistola
504 801 551 871 ad
572 800 831 893 Contingium
858 801 899 869 dc
922 802 1055 870 Cartssii
1081 801 1346 870 demonstratione
1374 799 1555 870 existentiae
1576 802 1640 870 Dei
1668 804 1733 894 pri-

108 940 199 988 mum
221 941 241 986 a
260 916 432 988 Ritmeiero
455 917 547 1002 edita,
568 939 652 986 anuo
666 914 938 986 leCLXXVlll.
959 918 1136 1009 conscripta
1157 915 1243 1008 apud
1256 914 1448 985 Dutensium
1469 917 1583 1010 legitur
1603 918 1688 986 Tom
1702 919 1736 987 ll.

107 1034 145 1104 Ρ.
165 1032 190 1104 l
211 1056 241 1125 p.
262 1032 339 1102 sot.

197 1147 253 1220 Db
276 1145 556 1218 bleditationes
570 1146 617 1216 ds
639 1148 874 1240 cognitione
893 1148 1061 1216 veritate
1075 1143 1237 1230 etideis,
1260 1169 1343 1238 quae
1362 1168 1445 1215 anno
1459 1145 1737 1217 leCLXXXlV.

109 1266 190 1334 actis
208 1263 411 1333 llruditorum
433 1262 644 1356 Lipsiensium
670 1264 808 1330 insertae
834 1264 866 1331 in
895 1262 1029 1330 editione
1051 1260 1197 1328 Dutensii
1217 1261 1310 1329 Tam.
1330 1258 1365 1328 ll
1394 1262 1430 1330 Ρ.
1451 1262 1474 1331 Ι.
1495 1287 1527 1356 p.
1550 1265 1602 1333 111.
1622 1263 1737 1357 legun-

108 1391 169 1451 tur.
212 1380 321 1474 adjeci
351 1377 426 1448 huic
458 1380 602 1447 tractatui
633 1377 742 1447 locum
774 1398 816 1446 ex
844 1376 976 1469 epistola
1003 1376 1044 1444 ad
1071 1375 1289 1447 Bernoulbum
1310 1379 1424 1470 scripta
1445 1389 1645 1470 excerptum,
1673 1403 1740 1472 quo

47 1496 49 1501 ’
109 1499 245 1580 πίσω,
265 1504 389 1587 partem
409 1495 565 1562 minorem
587 1517 657 1562 esse
678 1503 755 1577 toto,
777 1490 991 1560 demonstrare
1012 1490 1124 1559 studet.

196 1609 239 1682 X.
260 1608 444 1703 Epistola
470 1609 518 1677 ad
545 1608 907 1692 Seelendorliium,
937 1629 1035 1699 quam
1061 1608 1095 1675 in
1122 1605 1344 1675 Seelendorffii
1372 1607 1467 1676 libro:
1512 1606 1739 1677 Christenstaat

108 1723 185 1818 laps
209 1720 305 1795 1685.
328 1726 466 1817 primum
488 1724 603 1792 aditam
624 1722 799 1792 Dutensius
821 1723 947 1791 editioni
966 1723 1097 1790 insenuit
1116 1721 1136 1788 l.
1158 1746 1184 1790 c
1206 1743 1237 1812 p.
1260 1723 1334 1791 161.

196 1843 383 1932 Sequuntur
410 1838 637 1927 (xl-xxti)
673 1837 840 1906 duodecim
873 1841 1046 1931 lragrnenta
1080 1835 1276 1905 leibnitiana
1307 1835 1449 1904 nondum
1481 1837 1614 1907 antebac
1647 1836 1738 1907 edita.

110 1956 205 2040 Quae
217 1952 348 2023 diversis
363 1955 556 2046 temporibus
578 1956 755 2046 conscripta
776 1976 848 2021 esse
869 1953 951 2022 bene
972 1955 1046 2021 scio
1080 1952 1204 2021 Tamen
1226 1963 1271 2035 ut,
1291 1953 1411 2020 ratione
1427 1961 1605 2045 temporum
1620 1977 1738 2048 pospo-

110 2073 186 2154 sita,
207 2071 315 2138 omnia
335 2069 398 2138 hoc
420 2092 484 2137 uno
506 2067 577 2136 loco
598 2072 784 2150 insererem,
805 2066 885 2136 haec
907 2078 981 2136 sunt
1002 2091 1085 2160 ‹prae
1107 2077 1281 2136 suaserunt
1315 2067 1431 2134 Omnia
1451 2067 1532 2137 haec
1553 2069 1679 2138 schedia
1698 2069 1737 2136 il·

109 2184 165 2253 lud
186 2183 330 2253 Leibnitii
357 2183 521 2253 consilium
550 2194 706 2276 spectant,
734 2183 918 2252 methodum
945 2181 1195 2275 philosophicam
1223 2182 1263 2252 ad
1285 2181 1442 2250 caleulum
1464 2183 1622 2275 quendam
1642 2181 1738 2251 redu-

109 2300 208 2370 cendi.
252 2299 288 2369 ln
309 2300 456 2369 Drrtensii
482 2297 631 2382 editione,
659 2301 687 2367 si
713 2298 881 2368 nonnullas
902 2301 1063 2390 exceperis
1091 2296 1238 2391 epistolas
1265 2299 1379 2390 quibus
1406 2299 1447 2365 de
1468 2300 1576 2366 amicis
1596 2321 1739 2390 conque·

108 2418 195 2500 sitm,
216 2416 333 2486 scilieet
353 2415 440 2507 quod
462 2413 687 2483 chimaericunr
707 2415 741 2484 id
762 2414 928 2484 consilium
951 2413 1137 2497 existiment,
1157 2412 1197 2481 de
1219 2412 1280 2481 bac
1301 2437 1337 2481 re
1358 2413 1452 2506 plane
1473 2437 1538 2482 non
1558 2411 1593 2480 bt
1612 2416 1739 2483 mentio.

36 2530 55 2582 ’ν
108 2531 248 2623 liaspirm
273 2533 307 2600 in
333 2527 511 2622 posdrumis
536 2529 681 2599 Leibnitii
708 2530 855 2623 operibus
884 2529 963 2598 duas
985 2528 1113 2622 quidem
1135 2527 1230 2596 edidit
1250 2530 1546 2611 commentationes,
1570 2552 1655 2620 quae
1675 2528 1740 2596 huc

110 2647 265 2737 pertinent
286 2669 307 2712 e
328 2643 443 2735 quibus
464 2669 518 2713 me
546 2644 673 2737 quidem
702 2648 858 2738 conjicere
879 2666 945 2713 non
967 2646 1124 2737 potuisse,
1152 2642 1255 2735 qualis
1276 2646 1368 2712 luerit
1388 2643 1439 2711 ille
1460 2643 1600 2712 calculus
1621 2655 1652 2712 et
1674 2667 1741 2734 quo

110 2760 208 2828 modo
230 2758 438 2849 perficiendus
459 2758 603 2831 Leibnitii
624 2760 765 2842 arbitrio,
786 2759 934 2829 labentur
954 2758 1113 2828 confiteor.
1156 2756 1192 2825 ln
1213 2758 1415 2851 autographis
1435 2758 1635 2828 leibnitianis
1654 2759 1739 2828 mul-

111 2885 163 2943 tae
176 2877 373 2966 reperiuntru·
393 2872 538 2956 schedae,
560 2896 653 2966 quae,
675 2874 806 2942 diversis
827 2877 1020 2966 temporibus
1041 2875 1246 2965 conscriptae,
1267 2873 1308 2940 de
1329 2872 1390 2940 hac
1410 2875 1478 2967 ipsa
1499 2877 1626 2942 scientia
1640 2899 1740 2966 gene-

111 2989 169 3056 rali
190 2999 330 3057 tractant
375 2989 468 3073 Quae
496 2991 553 3056 etsi
580 3011 714 3058 mancae
740 2991 817 3072 sint,
851 3001 883 3059 et
911 2993 1038 3059 exordia
1059 3000 1181 3058 tanturn
1204 2987 1383 3071 exhibeant,
1415 2999 1521 3057 tamen
1541 2992 1741 3057 manifestum

111 3104 259 3189 reddunt,
279 3101 441 3198 quomodo
463 3106 531 3194 ipse
551 3102 723 3172 Leibnitius
741 3103 828 3173 illam
844 3108 902 3174 sibi
922 3105 1052 3174 finxerit
1084 3105 1174 3173 Aliae
1193 3106 1278 3172 enim
1297 3125 1356 3171 cur
1378 3103 1581 3172 desideranda
1601 3106 1640 3170 sit
1661 3104 1741 3173 haec

111 3223 241 3289 scierim
262 3220 385 3302 docent,
408 3217 487 3286 abae
508 3240 572 3286 non
594 3219 799 3289 metuendum
821 3245 891 3289 esse
913 3230 1043 3289 monent
1063 3243 1105 3287 ne
1125 3221 1215 3309 ipsae
1235 3221 1379 3311 cogitatio
1401 3221 1434 3287 in
1447 3219 1569 3286 nudum
1583 3219 1740 3287 calculum

111 3346 266 3420 vertatur,
294 3334 375 3403 aliae
403 3333 540 3426 denique
561 3333 701 3403 tabulam
723 3334 871 3404 exhibent
891 3337 1031 3427 capitum
1052 3338 1084 3402 in
1106 3334 1160 3402 tali
1182 3359 1278 3426 opere
1299 3335 1540 3403 tractandorum.
1581 3335 1639 3402 llis
1659 3335 1741 3402 indi-

111 3452 169 3519 ciis
189 3453 279 3520 nisus
300 3453 343 3518 ita
357 3448 480 3542 singula
493 3452 668 3541 fragmenta
690 3453 884 3533 consumavi,
905 3460 942 3518 ut
961 3452 1067 3517 minus
1089 3452 1238 3540 temporis
1258 3453 1411 3518 rationem
1432 3449 1629 3518 consulerem
1644 3475 1741 3542 quam

111 3589 152 3634 eo
186 3564 296 3634 ordbre
322 3562 538 3657 disponerem,
566 3588 664 3658 quem
695 3567 765 3658 ipse
792 3568 824 3633 in
853 3567 1040 3633 oeconomia
1068 3565 1174 3658 operis
1200 3575 1364 3656 tamquam
1384 3563 1559 3657 legitimum
1586 3566 1741 3634 indicavit.

111 3680 224 3748 Restat
243 3704 322 3749 vero
342 3691 378 3749 rrt
399 3680 548 3772 probem,
574 3703 648 3762 cur,
675 3683 798 3749 etiamsi
817 3682 851 3748 in
872 3680 1011 3749 eundem
1032 3681 1141 3749 locum
1162 3682 1348 3772 congregari
1370 3679 1546 3763 debuerint,
1573 3679 1659 3749 hunc
1680 3706 1740 3773 po-

112 3798 269 3880 tissimum
295 3796 346 3864 his
372 3798 555 3888 fragmentis
580 3794 729 3864 dederim.
775 3795 899 3881 Quodsi
925 3796 1116 3888 respondero
1138 3798 1277 3863 maxima
1300 3808 1449 3888 exparte
1471 3795 1740 3864 circahoctem-

112 3932 175 4000 pus
197 3934 235 3977 ea
257 3914 433 4001 conscripta
455 3932 542 3994 esse,
563 3909 648 3978 unde
669 3909 732 3981 hoc
754 3915 853 3979 sciam
875 3911 1044 3980 dicendum
1067 3913 1133 3978 erit.
1179 3911 1289 3997 Quum
1311 3913 1443 3979 certiora
1464 3909 1608 3980 deessent
1628 3912 1741 3980 indicia

112 4027 169 4094 uni
202 4024 423 4093 confidendum
457 4037 538 4108 erat,
567 4023 652 4116 quod
679 4028 736 4094 etsi
762 4026 977 4096 firmissimum
1008 4051 1073 4095 non
1100 4038 1225 4119 putem,
1253 4035 1359 4091 tamen
1387 4023 1480 4116 plane
1506 4026 1742 4118 despiciendum

112 4162 178 4210 non
200 4163 325 4222 censeo,
348 4139 418 4207 dico
439 4139 599 4208 literarum
621 4140 752 4210 ducum
773 4153 805 4211 et
824 4144 960 4211 sormam
982 4144 1162 4232 scripturae.
1205 4138 1328 4207 blemor
1356 4141 1483 4229 quidem
1505 4162 1593 4210 eram
1615 4153 1741 4211 senten-

113 4258 173 4323 tiae
203 4278 300 4346 quam
326 4252 550 4323 celeberrimus
573 4256 693 4326 Galliae
716 4258 984 4350 jurisconsultus
1010 4259 1043 4326 in
1071 4254 1229 4323 diffamata
1255 4253 1339 4321 illius
1366 4260 1515 4347 temporis
1544 4280 1641 4325 causa
1665 4258 1742 4340 tulit,

114 4393 170 4438 eos
199 4372 253 4460 qui
280 4368 321 4438 de
348 4368 563 4462 chirographis
585 4372 729 4464 judicent
754 4374 836 4440 sicut
861 4370 1045 4462 haruspices
1072 4393 1143 4438 sese
1169 4371 1305 4436 invicem
1334 4371 1439 4439 videre
1462 4396 1526 4442 non
1547 4393 1643 4462 posse
1665 4375 1741 4464 quin

114 4484 257 4552 riderent.
302 4484 449 4555 Attamen
478 4486 539 4555 hoe
565 4486 677 4555 ultimo
703 4487 857 4555 utendum
886 4497 953 4553 erat
979 4488 1108 4577 refugio.
1154 4485 1358 4575 Comparanri
1380 4486 1520 4555 Leibnitii
1547 4487 1742 4579 autographa

116 4608 179 4666 tres
201 4598 343 4666 diversae
365 4625 401 4669 se
422 4604 574 4695 praebent
593 4601 754 4669 literarum
776 4603 905 4668 formae.
944 4600 1017 4668 Vidi
1039 4599 1233 4692 autographa
1254 4600 1347 4669 literis
1369 4601 1553 4671 minusculis
1567 4607 1742 4693 conscripta

114 4715 214 4804 iisque
243 4715 338 4782 etiam
364 4717 397 4785 in
423 4715 555 4785 vocibus
583 4714 684 4782 latinis
710 4714 838 4798 talibus,
872 4738 954 4806 quae
982 4719 1061 4784 inter
1090 4717 1276 4808 scripturam
1305 4718 1449 4809 gallicam
1477 4729 1509 4784 et
1530 4720 1742 4810 germanicam

114 4829 255 4897 medinm
277 4841 396 4914 tenent,
424 4834 493 4923 ejus
520 4833 585 4899 lere
605 4832 741 4912 formae,
764 4854 828 4921 qua
849 4829 940 4901 multi
961 4830 1044 4900 docti
1065 4831 1193 4899 Saeculi
1213 4831 1314 4900 XVll.
1337 4843 1369 4900 ot
1390 4833 1504 4900 XVlll.
1526 4835 1570 4900 uti
1592 4831 1742 4900 solebant.

116 4943 230 5012 Talem
257 4948 444 5036 scripturam
466 4970 494 5012 o.
517 4969 562 5036 gr.
591 4945 625 5012 in
654 4944 850 5035 autographo
884 4945 1023 5038 quodam
1050 4949 1208 5029 invenies,
1237 4945 1322 5037 quod
1348 4951 1518 5017 sententias
1542 4948 1742 5016 accademica

114 5059 323 5149 disputatione
344 5059 554 5128 defendendas
575 5060 726 5141 continet,
753 5061 883 5150 quibus,
910 5062 950 5129 ab
972 5061 1033 5131 alio
1055 5073 1091 5130 ut
1117 5062 1194 5131 mihi
1215 5063 1339 5130 videtur
1359 5064 1542 5155 propositis,
1568 5062 1742 5132 Leibnitius

116 5170 319 5264 opponendas
346 5198 422 5241 suas
448 5175 618 5243 sententias
645 5173 817 5268 adscripsit.
860 5176 1045 5269 Perpaucae
1072 5187 1146 5246 sunt
1166 5177 1303 5248 schedae
1324 5181 1356 5246 in
1379 5178 1492 5269 quibus
1512 5179 1574 5249 boc
1594 5177 1743 5271 pingendi
