3706 5828
166 292 234 365 tot
657 303 775 364 axxrs
818 303 992 391 annuens
1014 305 1067 363 an
1089 298 1324 365 wneueuuu.

165 450 294 509 tribuisse
305 447 479 520 motionem,
489 449 572 518 atque
582 444 652 503 adeo
663 451 693 504 et
702 445 849 505 sotionem.
868 446 960 512 Quum
999 446 1085 505 etiam
1097 446 1174 505 omui
1188 447 1360 507 Enteleehiae
1378 445 1542 521 primitivae,
1563 462 1612 504 seu
1625 445 1703 505 omni
1716 445 1796 522 prin

166 542 259 612 itaque
279 536 381 610 ubique
406 536 437 591 in
457 533 572 591 materia
592 535 629 592 eit
648 535 812 609 principium
830 535 958 609 activum,
998 535 1072 610 eipio
1085 535 1163 593 vitali
1184 542 1316 611 perpetuo
1328 535 1486 606 acljunetam
1500 552 1560 592 ease
1578 535 1718 610 quandam
1743 552 1796 593 ua·

166 627 257 685 videri
271 625 392 683 minnere
406 625 458 681 hoe
471 623 636 698 principium
650 623 687 681 ad
706 626 880 698 operationes
894 624 957 683 bru·
1000 630 1079 685 turae
1092 625 1255 702 mutuam,
1274 642 1347 699 quoe
1359 625 1442 683 nobis
1455 625 1577 698 eorporis
1597 624 1721 698 organici
1743 626 1795 683 bo·

167 723 268 791 torum,
279 730 329 771 neo
338 713 393 770 illis
402 711 618 786 animaqmdam
627 712 882 788 indeleetibiIiopus
890 729 957 771 esee.
999 716 1075 773 mine
1092 713 1181 788 venit,
1207 715 1272 773 lieet
1285 732 1319 772 ea
1332 713 1457 782 maehina
1477 713 1560 772 etiam
1574 730 1660 787 quum
1674 715 1795 786 figuram

209 805 246 862 IL
277 802 441 877 Rependeo
454 802 553 876 primo,
574 802 739 877 principium
755 803 877 861 activum
900 817 957 860 non
998 818 1078 861 susm
1096 803 1256 861 summatim
1268 807 1422 878 eonservat,
1441 803 1471 858 in
1485 804 1562 861 fluxu
1575 802 1714 877 oonsistat,
1728 820 1794 878 per·

166 893 250 952 tribui
263 909 282 950 a
295 908 341 948 me
353 892 485 948 mammae
497 890 588 949 nudae
599 891 658 948 sivo
671 891 786 967 primae,
799 907 870 965 quae
883 906 957 949 mare
998 897 1134 966 petuoque
1146 897 1297 967 reparetur,
1313 896 1345 951 ut
1357 891 1437 949 navis
1449 891 1583 949 Thesei.
1609 891 1706 965 Neque
1718 892 1793 951 adeo

165 982 275 1059 passim
287 986 338 1055 ert,
358 985 387 1036 et
404 980 435 1037 in
455 979 515 1037 sols
527 980 664 1055 antitypia
676 984 705 1038 et
718 979 879 1039 exteodone
892 996 957 1037 eon·
997 980 1064 1039 uerti
1081 981 1168 1039 simus
1188 982 1232 1039 vel
1250 981 1395 1039 nrinimarn
1414 978 1544 1039 maiades
1562 981 1592 1037 in
1613 981 1761 1039 rutiritate
1773 997 1793 1038 a

164 1071 253 1142 sistit3
274 1070 324 1127 sed
337 1069 447 1143 corpori
460 1085 509 1127 seu
523 1069 653 1127 materiae
668 1069 782 1127 vesdtae
794 1069 852 1127 sive
862 1084 956 1127 aeeon
997 1070 1079 1127 nobis
1092 1072 1218 1144 aeeeptee
1236 1070 1398 1143 partiommr
1412 1070 1443 1126 in
1456 1086 1571 1143 comere
1583 1074 1680 1127 nostro
1697 1086 1794 1144 super*

164 1160 225 1234 dae,
250 1176 322 1232 quae
345 1162 486 1232 maetam
503 1158 690 1215 Enteleclriam
713 1158 883 1232 primitivam
906 1172 955 1215 sen
996 1175 1070 1233 esse,
1098 1158 1162 1218 lieet
1185 1160 1269 1219 etiam
1293 1159 1390 1217 eadem
1415 1158 1540 1215 maenus
1563 1157 1679 1215 subinde
1706 1158 1792 1232 mans

165 1248 329 1324 principium
347 1247 466 1304 activum
483 1247 613 1304 eontinet.
647 1247 808 1321 Respondes
827 1245 954 1320 eomodo,
996 1248 1213 1320 transforment,
1227 1254 1368 1321 augeatur,
1383 1247 1560 1321 diminuatur,
1575 1247 1793 1305 involvaturaat

164 1337 346 1395 resistentiam
359 1337 491 1393 materiae
499 1335 589 1392 nudae
603 1353 658 1393 non
671 1353 733 1393 esse
745 1337 891 1410 aebomm,
905 1334 955 1392 sed
994 1337 1145 1395 evolvatur.
1174 1337 1271 1410 ltaque
1288 1353 1345 1395 non
1365 1341 1473 1394 tantum
1485 1335 1580 1393 anima
1592 1340 1634 1393 eet
1652 1335 1792 1410 permn'u,

165 1424 441 1500 meraorpassiouem,
452 1425 625 1499 donauempe
635 1424 718 1482 babet
726 1425 954 1501 analypismseu
994 1426 1043 1485 sed
1056 1426 1141 1483 etiam
1154 1425 1266 1499 aliquod
1279 1427 1381 1482 sniuul
1394 1442 1502 1499 semper
1514 1429 1645 1499 superest,
1666 1424 1720 1482 etsi
1733 1442 1792 1483 oer-

165 1513 530 1590 immunitatemque
539 1513 650 1587 quidem
658 1514 759 1573 resistit
769 1518 953 1588 peretraturo,
996 1520 1056 1572 tom
1070 1514 1182 1588 aliquod
1201 1515 1305 1571 animal
1324 1531 1442 1588 perenne
1461 1513 1515 1570 ‹lioi
1529 1530 1586 1571 non
1600 1513 1709 1588 debat,
1723 1513 1792 1587 quia

164 1604 213 1661 sed
226 1618 283 1659 non
297 1604 456 1677 repercutit,
475 1603 532 1659 nisi
552 1603 662 1660 aceedat
675 1604 718 1659 vis
734 1603 864 1675 alsatios,
884 1618 954 1677 quae
995 1603 1098 1678 speeies
1112 1602 1240 1661 eminulis
1255 1620 1311 1661 uon
1325 1610 1435 1677 manet,
1456 1602 1688 1676 quenadmodum
1707 1618 1792 1661 murm

163 1698 298 1768 mmotu,
312 1692 434 1765 meoque
448 1696 477 1749 et
490 1691 619 1749 viroviro
630 1693 760 1750 mammas
769 1691 954 1768 superaddite,
996 1696 1025 1749 et
1048 1691 1152 1768 popilio
1177 1691 1252 1748 idern
1277 1692 1380 1753 unioni
1405 1708 1462 1749 noo
1486 1698 1536 1764 est,
1560 1691 1613 1748 etsi
1632 1692 1734 1749 eadem
1754 1690 1792 1749 u't

163 1781 282 1840 derivari
295 1781 384 1839 debet.
417 1781 580 1856 Respoudeo
599 1781 694 1838 metio:
716 1782 777 1839 Hoc
790 1780 956 1856 principium
995 1780 1090 1841 omnm
1104 1780 1271 1854 inuusque.
1303 1780 1396 1839 Habet
1408 1781 1493 1852 igitur
1506 1781 1559 1837 hoo
1570 1780 1663 1838 omnia
1674 1786 1793 1839 manuae

162 1870 298 1944 activum,
324 1870 396 1926 hane
419 1869 604 1927 Enteleebiam
626 1870 757 1944 primam,
782 1887 841 1926 esse
860 1885 955 1927 revera
996 1867 1138 1944 maehina,
1157 1874 1189 1926 ut
1206 1885 1346 1944 nunquam
1365 1869 1403 1927 sit
1419 1868 1501 1944 plane
1518 1867 1700 1944 destruibilir,
1723 1884 1791 1929 eum

163 1957 328 2034 prindpimn
338 1958 436 2032 riade,
455 1959 539 2014 etiam
553 1958 720 2033 percipiendi
734 1959 862 2016 lemltate
876 1974 954 2032 prue-
995 1976 1087 2017 masso
1105 1963 1262 2028 mmmento
1284 1964 1420 2032 uteunque
1438 1958 1585 2033 dissipato,
1605 1974 1713 2033 semper
1731 1973 1792 2015 ma·

162 2048 270 2120 ditum,
294 2051 323 2103 et
340 2045 537 2121 indefectibile,
561 2045 599 2105 ob
619 2047 739 2105 rationes
752 2047 856 2105 dudum
875 2064 894 2103 a
909 2062 954 2104 me
995 2047 1103 2105 cbinula
1126 2045 1250 2105 nondum
1274 2047 1411 2107 minucia
1433 2047 1532 2121 subsit,
1557 2048 1646 2104 instar
1669 2047 1791 2109 vestium

163 2136 302 2210 admotas
340 2134 426 2208 idque
449 2135 539 2210 ipsum
558 2140 615 2209 est,
640 2136 716 2210 quod
739 2135 770 2194 in
793 2136 883 2194 brutis
902 2152 954 2209 pro
998 2135 1181 2211 Arlequini
1194 2135 1303 2211 oomid,
1315 2136 1360 2194 eni
1373 2141 1436 2211 post
1449 2138 1550 2193 multas
1563 2136 1669 2194 tuniees
1680 2140 1792 2213 nubs,

162 2223 259 2283 ammo
271 2224 395 2298 ipsorum
412 2224 511 2282 babeo.
543 2224 640 2298 ltaque
653 2226 720 2284 duro
737 2225 839 2299 ubique
851 2225 882 2283 in
897 2241 954 2281 ιι·
996 2241 1104 2300 semper
1123 2224 1212 2283 adhue
1225 2242 1297 2283 nova
1317 2230 1466 2300 supererat
1488 2224 1569 2292 Quod
1583 2242 1617 2281 oo
1631 2226 1725 2285 miuus
1737 2224 1792 2283 mi·

164 2313 237 2370 teria
255 2312 430 2388 rupmaddita
448 2312 566 2371 admitto
590 2314 724 2389 principia
741 2314 845 2390 activa,
869 2314 955 2371 etiam
996 2315 1052 2373 rari
1066 2314 1212 2388 debemm3
1234 2315 1299 2387 quia
1318 2318 1418 2371 natura
1431 2313 1531 2387 ubique
1545 2314 1675 2386 organioa
1688 2320 1741 2389 est,
1760 2319 1792 2373 et

162 2400 265 2476 ubique
278 2419 327 2477 per
340 2418 403 2459 eam
412 2402 590 2462 &muniunto
598 2406 691 2462 statuo
702 2403 839 2478 prineipiu
847 2401 953 2476 vitalia,
995 2422 1014 2463 a
1027 2402 1229 2479 sapientissimo
1242 2409 1346 2477 autore,
1362 2403 1398 2460 ad
1412 2408 1501 2461 oertos
1514 2405 1582 2460 lines
1594 2403 1733 2478 ordinata,
1746 2404 1789 2463 ni·

162 2506 213 2551 seu
226 2491 411 2567 percipientis,
430 2491 552 2566 adeoque
564 2492 705 2568 monadm,
724 2497 754 2549 et
763 2496 795 2549 ut
804 2492 844 2549 sio
853 2491 952 2567 dmm,
996 2494 1087 2565 hiique
1104 2492 1134 2549 in
1153 2497 1253 2549 natura
1265 2493 1397 2550 incultum
1410 2492 1515 2550 censeri
1529 2492 1619 2565 debet,
1637 2493 1690 2549 etsi
1706 2493 1790 2551 inter·

162 2583 280 2640 amm
298 2578 515 2657 Mempbyrioas,
536 2580 661 2656 partibus
679 2586 816 2655 carentes,
834 2596 886 2640 neo
904 2597 953 2638 un·
995 2582 1063 2638 dum
1076 2596 1134 2639 non
1146 2580 1199 2639 nisi
1213 2580 1290 2639 rodis
1303 2581 1502 2639 mamouostris
1512 2579 1636 2639 metum
1649 2586 1790 2655 appareat

163 2686 247 2745 qoem
260 2670 420 2726 naturaliter
433 2669 550 2728 oriturus
563 2674 612 2726 aut
626 2670 811 2728 destruendas.
996 2672 1039 2728 lta
1057 2669 1140 2743 igitur
1158 2669 1268 2727 eximus
1286 2687 1382 2729 omues
1400 2670 1587 2743 diffimltates,
1608 2684 1680 2743 quae
1693 2687 1731 2727 ex
1740 2688 1792 2728 na·

206 2758 255 2815 111„
288 2757 404 2823 Quaeris
417 2757 515 2816 deinde
528 2758 714 2817 definitionem
731 2758 840 2816 murae
854 2773 953 2817 meam.
997 2764 1060 2816 tura
1083 2758 1193 2816 ameum
1212 2775 1322 2833 prorsus
1346 2759 1383 2815 ab
1404 2759 1481 2815 omni
1505 2758 1623 2816 nuteria
1647 2764 1790 2832 separatae

162 2845 341 2921 Rspondco,
349 2862 430 2921 posse
440 2849 562 2905 ammam
575 2849 647 2905 sumi
662 2850 717 2906 late
726 2853 755 2904 et
765 2848 865 2904 stricte.
887 2847 955 2904 lato
996 2852 1153 2922 msountur,
1175 2847 1214 2904 ita
1227 2853 1258 2904 nt
1271 2864 1367 2905 revera
1377 2847 1473 2904 anime
1486 2847 1624 2903 animalve
1642 2853 1704 2903 anta
1716 2848 1791 2905 nati·

162 2935 257 2992 anima
276 2934 350 2991 idem
368 2935 422 2992 erit
441 2936 515 3008 qnod
535 2936 593 2992 vita
610 2953 659 2995 seu
677 2937 841 3011 principium
862 2935 954 3010 vitale,
997 2937 1110 2993 vitatem
1128 2941 1177 2992 aut
1196 2941 1259 3009 post
1272 2941 1390 2993 moriem
1403 2937 1441 2993 ab
1455 2937 1548 2993 amma
1561 2935 1732 2992 antonimali
1746 2936 1789 2993 vi·

163 3040 262 3098 nempe
282 3023 446 3099 principium
465 3025 580 3082 aetionis
601 3025 725 3082 internae
747 3025 776 3080 in
795 3042 825 3081 re
838 3024 955 3099 simplici
996 3030 1055 3081 tam
1068 3028 1238 3100 praesentem
1257 3026 1375 3099 vivente,
1396 3043 1453 3082 non
1472 3025 1524 3082 nisi
1539 3041 1632 3082 rerum
1651 3025 1747 3083 habitu
1760 3034 1792 3084 et

163 3130 214 3170 seu
228 3112 344 3168 monade
364 3112 493 3186 existens,
512 3113 556 3170 cui
574 3114 647 3170 actio
667 3118 782 3170 externa
801 3112 954 3187 respondet.
997 3113 1193 3188 perfectionum
1206 3114 1344 3189 gradibus,
1358 3132 1414 3172 non
1425 3130 1490 3171 vero
1505 3118 1565 3170 toto
1575 3114 1680 3170 entium
1690 3131 1791 3187 genere

163 3203 243 3276 Isque
256 3217 449 3274 eorresponsus
462 3202 562 3258 interni
577 3205 606 3257 et
619 3201 727 3259 externi
736 3217 785 3258 seu
797 3217 955 3275 repraeeeu·
996 3202 1116 3259 differat.
1156 3202 1285 3276 Idemque
1304 3203 1339 3259 de
1358 3203 1452 3260 Geniis
1471 3202 1574 3276 sentio,
1600 3219 1660 3258 esse
1683 3210 1792 3262 mentes

164 3291 234 3348 tatio
247 3289 354 3347 externi
368 3289 398 3345 in
409 3291 526 3364 interno,
542 3291 687 3366 compositi
701 3292 730 3346 iu
740 3291 872 3365 simplice,
886 3291 957 3348 mul·
996 3307 1111 3365 corpore
1129 3290 1209 3347 valdo
1229 3297 1399 3364 penetrante,
1424 3297 1452 3347 et
1472 3292 1507 3347 ad
1527 3290 1692 3365 operandum
1711 3299 1791 3368 apto,

164 3378 291 3437 titudinis
304 3378 334 3434 in
349 3378 462 3450 unitate,
482 3396 578 3436 revera
592 3380 792 3453 pereeptionem
806 3378 954 3436 constitnit
997 3379 1149 3454 praeditas:
1164 3380 1238 3453 quod
1254 3383 1367 3436 tortasse
1382 3397 1432 3453 pro
1444 3380 1533 3437 lubitu
1547 3385 1651 3437 mutare
1660 3389 1790 3456 possunt,

163 3468 204 3526 st
217 3469 362 3524 booscnsu
376 3468 469 3523 anima
482 3484 539 3525 non
554 3474 661 3525 tantum
674 3469 849 3544 animalibus,
865 3468 913 3525 sed
927 3473 957 3524 et
997 3469 1070 3527 uode
1083 3470 1169 3525 etiam
1187 3469 1318 3526 animalia
1331 3470 1464 3543 appellari
1486 3485 1540 3525 non
1555 3472 1697 3526 merentur.
1730 3470 1789 3527 Ita·

164 3556 292 3614 omnibus
301 3556 364 3612 aliis
374 3555 586 3632 percipientibus
597 3557 852 3627 tribuetur.,Striote
861 3557 955 3614 anima
996 3574 1050 3632 qno
1069 3557 1164 3614 omnia
1182 3557 1211 3612 in
1231 3561 1328 3614 natura
1347 3565 1411 3615 suot
1430 3557 1586 3632 analogius,
1604 3562 1633 3614 ot
1650 3556 1729 3615 facile
1749 3576 1788 3616 ex

163 3645 280 3704 mmitnr
293 3661 344 3719 pro
358 3644 447 3718 specie
460 3646 533 3702 vitae
547 3646 692 3720 nobiliore,
706 3663 753 3703 seu
765 3662 816 3720 pro
826 3646 883 3703 vita
895 3662 955 3703 sen·
997 3647 1095 3703 crassis
1108 3645 1219 3703 subtilia
1233 3647 1347 3719 intelligi
1362 3652 1489 3721 possum,
1509 3662 1594 3719 quum
1614 3652 1728 3719 utraque
1740 3666 1791 3705 eo-

164 3735 256 3808 sitiva,
274 3733 323 3790 obi
336 3749 394 3790 non
408 3734 482 3790 nuda
494 3739 536 3791 est
550 3736 664 3791 laeultas
678 3734 852 3810 percipiendi,
865 3734 913 3791 sed
927 3740 955 3792 et
998 3736 1062 3791 dero
1082 3735 1164 3792 modo
1178 3751 1207 3789 ee
1223 3734 1352 3792 habeant.
1384 3737 1463 3792 Solus
1482 3736 1556 3791 Deus
1575 3736 1731 3793 substantia
1749 3744 1792 3795 est

164 3829 306 3899 praetcrea
320 3820 464 3896 mutendi,
485 3823 595 3897 qmudo
615 3840 713 3898 nempe
727 3820 894 3898 pereeptioni
908 3824 956 3881 ad·
997 3840 1091 3883 seraa
1106 3822 1221 3881 matoria
1234 3828 1367 3898 semme,
1383 3840 1468 3897 qoem
1477 3825 1513 3880 sit
1522 3828 1600 3881 actm
1609 3842 1702 3900 puros,
1717 3829 1793 3884 nella

161 3911 286 3986 jungitur
305 3911 421 3968 attentio
439 3916 467 3967 et
488 3910 629 3969 memorie.
661 3910 896 3978 Quemadmodum
916 3912 956 3967 vi·
998 3911 1119 3988 patiendi
1146 3913 1269 3986 potentia
1288 3913 1440 3986 praeditus,
1466 3929 1535 3986 quae
1559 3912 1715 3987 ubicunqne
1740 3923 1792 3991 est,

164 4000 256 4058 eissim
277 4015 354 4054 meus
375 4003 418 4055 est
437 4002 539 4073 speeies
564 4002 673 4059 animae
696 4000 832 4075 nobilior,
856 4016 956 4074 nempe
998 4002 1141 4059 materiam
1162 4001 1313 4059 eonstituit
1358 4001 1393 4058 Et
1412 4019 1478 4058 vero
1503 4019 1598 4058 omncs
1623 4005 1792 4062 substantiae

164 4106 243 4148 mens
256 4092 298 4144 est
315 4087 409 4144 anima
422 4090 573 4165 rationalis,
593 4090 640 4147 ubi
655 4089 775 4147 sensioni
795 4089 898 4146 aoocdit
911 4105 955 4146 ra·
997 4088 1208 4147 ercataebabent
1214 4090 1388 4164 antitypiam,
1395 4109 1443 4166 per
1449 4107 1532 4164 quam
1543 4092 1574 4147 fit
1583 4093 1756 4165 naturaliter,
1762 4101 1792 4151 ut

165 4180 205 4236 tio
218 4194 267 4236 seu
281 4177 458 4250 consequutio
472 4196 509 4237 ex
522 4179 726 4236 universalitate
740 4179 893 4235 sommium.
917 4178 956 4234 Ut
998 4196 1052 4236 una
1061 4180 1097 4236 sit
1106 4185 1186 4236 exus
1194 4179 1449 4253 alteram,adeoque
1460 4180 1612 4253 penetratio
1622 4181 1792 4240 exeludauur.

163 4284 229 4343 ergo
244 4282 322 4322 mens
336 4270 379 4322 est
398 4266 491 4324 anima
506 4267 659 4340 rationalis,
683 4267 721 4322 ita
736 4268 829 4324 anima
842 4271 885 4323 est
898 4267 955 4325 vita
1041 4268 1076 4322 V.
1110 4268 1167 4324 Etsi
1181 4272 1274 4325 sumno
1289 4268 1421 4343 principia
1436 4285 1497 4325 mea
1508 4268 1563 4326 sint
1575 4270 1791 4346 generalissima,

163 4356 301 4428 sensium
315 4360 345 4410 et
354 4354 411 4411 vita
422 4360 464 4412 est
474 4357 638 4431 principium
650 4357 841 4431 perceptivum.
858 4356 954 4413 usten-
997 4373 1048 4413 ueo
1062 4356 1152 4413 minus
1167 4357 1196 4412 in
1211 4356 1321 4412 bomine
1331 4374 1414 4430 quarn
1425 4358 1454 4414 in
1464 4358 1551 4415 brutis
1562 4359 1652 4414 locum
1662 4360 1791 4433 habeant,

161 4448 192 4506 di
219 4449 312 4503 autem
338 4444 472 4519 exemplis
502 4450 531 4502 et
563 4443 731 4519 rationibus,
765 4462 819 4502 nou
845 4461 956 4501 omnem
999 4446 1110 4502 mirifioe
1130 4451 1223 4500 mosen
1251 4461 1314 4518 prae
1339 4447 1428 4504 brutis
1453 4447 1555 4503 eminet
1580 4447 1677 4520 bomo,
1705 4456 1736 4507 et
1756 4450 1792 4506 ad

162 4533 365 4614 pereeptionem
379 4549 439 4589 vasa
450 4535 613 4607 menan,
628 4532 675 4589 sed
687 4532 746 4590 dari
754 4533 957 4608 pereaptionem
998 4533 1101 4591 Genios
1112 4532 1225 4606 aceedit,
1239 4533 1305 4606 quia
1314 4536 1352 4592 ob
1363 4537 1477 4593 ratioms
1488 4552 1569 4592 usum
1580 4538 1719 4595 societatis
1729 4557 1792 4597 oum

162 4624 248 4684 etiam
269 4623 477 4680 insensibilinm.
517 4623 569 4678 Eu.
589 4637 629 4692 gr.
651 4637 706 4678 non
729 4637 837 4694 possem
856 4622 957 4680 sentire
999 4623 1066 4694 Deo,
1081 4626 1163 4694 atque
1177 4620 1247 4680 adeo
1262 4626 1376 4696 praemii
1388 4629 1416 4681 et
1425 4642 1530 4699 poenae
1544 4625 1574 4680 in
1584 4625 1678 4682 divina
1692 4629 1792 4701 guber·

163 4714 259 4788 viride,
274 4713 327 4769 nisi
343 4711 509 4786 perciperem
519 4711 674 4767 esernlenm
684 4717 712 4766 et
722 4713 832 4785 flavum,
848 4728 885 4768 ex
898 4712 957 4784 qui·
999 4710 1112 4768 natione
1131 4716 1172 4767 est
1192 4727 1290 4786 eepax.
1328 4715 1423 4787 ltaque
1447 4730 1501 4772 non
1527 4720 1634 4771 tantum
1655 4717 1745 4774 vitam
1763 4722 1793 4774 et

162 4806 217 4862 bus
230 4802 352 4860 renitet
373 4800 487 4857 Interim
500 4799 655 4856 meroleurn
667 4803 697 4855 et
708 4801 811 4857 flavum
824 4817 882 4858 nou
895 4817 956 4857 seo·
998 4799 1131 4876 animam,
1145 4805 1178 4857 nt
1191 4800 1280 4873 brute,
1295 4803 1345 4860 sed
1362 4808 1392 4860 et
1405 4804 1600 4861 conscientiam
1613 4805 1666 4878 sui,
1686 4812 1715 4863 et
1736 4825 1794 4864 me·

162 4894 213 4966 tio,
227 4892 282 4950 nisi
297 4892 367 4946 lorte
381 4889 589 4961 miaoempium
602 4887 771 4946 adhibeatur.
999 4889 1118 4947 moriam
1138 4889 1248 4964 pristini
1261 4895 1363 4966 status,
1383 4899 1411 4950 et
1425 4898 1456 4949 ut
1471 4894 1555 4951 verbo
1569 4893 1675 4968 ‹licem,
1699 4913 1794 4969 perse

206 4982 256 5040 lv.
289 4978 449 5036 Memineris
468 4981 575 5052 summ,
599 4994 636 5035 ex
655 4978 790 5036 sententia
802 4994 881 5052 mea,
901 4993 957 5035 uon
998 4995 1064 5036 nam
1078 4985 1177 5037 servae
1211 4979 1267 5037 Nee
1281 4987 1385 5039 tantum
1401 4983 1520 5057 physice,
1540 4983 1684 5040 sedetiam
1699 5001 1795 5043 mora·

164 5077 270 5129 tautum
283 5084 379 5125 ornnes
384 5067 470 5140 Vitas,
486 5082 581 5123 omnes
591 5066 717 5141 Animas,
732 5083 828 5124 omnes
838 5066 956 5139 Montes,
998 5067 1061 5127 liter
1074 5072 1118 5125 est
1130 5069 1308 5127 immortalis:
1331 5072 1402 5129 uode
1415 5072 1511 5129 stricto
1525 5089 1607 5129 sensu
1621 5074 1673 5129 soli
1688 5074 1797 5133 lismoa-

164 5176 260 5218 omnee
283 5156 453 5217 melachim
479 5155 632 5231 primitivas
655 5172 715 5216 esse
740 5173 884 5234 lamense,
906 5155 957 5229 aad
996 5174 1050 5217 uae
1064 5157 1182 5219 mnas
1196 5158 1389 5223 immortalitas
1403 5160 1539 5222 tribuitur.
1561 5162 1633 5221 Nun
1643 5163 1697 5221 nisi
1712 5164 1800 5225 eoiret
