3706 5828
171 329 239 401 too
449 312 457 329 '
552 342 667 404 mvn.
708 342 1430 404 momaossnsmrsrmmrx.-xn

396 483 753 544 emissorem.
1007 481 1807 555 laodiamrsedogolibentoeuuiooneederemutrmn·

1008 590 1071 650 que,
1086 580 1146 633 tarn
1158 574 1239 631 illum
1250 573 1288 631 do
1301 573 1415 648 Papisaa
1429 573 1566 645 menum,
1580 586 1664 645 quam
1679 574 1807 644 Baylio

1007 663 1167 739 oppositum
1180 661 1324 720 Galliam.

1053 749 1687 826 Nunoadquusationerupbilosopbieumvenio:
1704 749 1805 806 Utrum

216 834 340 895 Dounm
352 844 417 895 auto
430 856 533 914 pauens
544 839 603 897 dies
620 839 709 897 redux
722 839 799 896 nolui
813 839 966 913 respooeio·
1008 841 1117 898 aniene
1134 841 1279 898 brutorum
1298 845 1396 912 quarta
1414 839 1525 914 deinum
1546 837 1591 894 dio
1608 837 1666 895 sint
1683 843 1803 913 omine,

141 970 145 975 .
172 939 237 989 uem
250 924 287 981 ad
302 927 491 984 ornatissimus
504 933 566 986 toas
578 929 685 986 litteras
698 928 818 985 differre.
845 928 967 986 Multum
1009 947 1065 988 non
1083 930 1198 988 defirrio:
1227 930 1326 985 saltem
1347 928 1507 985 innumerus
1527 927 1690 983 entelechias
1708 929 1805 984 stetim

172 1029 241 1071 mue
250 1014 302 1071 tibi
312 1015 410 1089 mbos,
419 1017 495 1090 qnod
504 1033 597 1074 rernm
606 1032 731 1074 mnarum
740 1017 851 1092 angis,
866 1022 967 1074 eteum
1008 1019 1045 1076 ab
1063 1018 1144 1076 initio
1162 1023 1267 1076 oreatus
1286 1017 1371 1074 tuisse
1389 1019 1513 1091 oportet:
1535 1015 1584 1071 sed
1603 1016 1679 1072 volui
1695 1020 1804 1073 mutum

171 1101 357 1177 Typugmpbo
371 1106 516 1163 leodiensi
528 1122 611 1177 agere
625 1105 745 1163 voluisti.
1007 1109 1154 1183 expliesre,
1174 1106 1314 1180 quomodo
1322 1123 1418 1163 novae
1430 1105 1540 1162 animae
1552 1104 1671 1160 existere
1684 1112 1805 1180 ponent,

215 1190 297 1255 Quod
310 1193 346 1250 ad
359 1193 544 1253 dubitationes
558 1200 620 1252 tiras
633 1195 741 1266 attinet,
761 1210 827 1250 saue
840 1193 965 1267 subtiles,
1008 1197 1060 1254 etsi
1074 1197 1150 1253 nulla
1163 1201 1269 1253 ereetm
1287 1212 1360 1252 nova
1379 1210 1444 1268 pars
1458 1193 1598 1249 mnteioe.
1634 1193 1671 1248 m
1688 1194 1755 1267 boe,
1774 1196 1804 1251 ni

171 1282 243 1337 etro
257 1279 368 1357 moras,
387 1285 517 1359 srlritrur,
539 1284 710 1341 Enteleehias
723 1282 885 1339 naturaliter
899 1282 966 1341 oriri
1008 1286 1099 1357 fallor,
1113 1300 1218 1359 nupera
1231 1283 1349 1358 epistola
1362 1283 1506 1358 praestitit
1534 1282 1587 1339 Per
1600 1281 1747 1338 materiam
1756 1299 1804 1340 au·

172 1383 229 1424 non
243 1384 331 1442 prosse,
350 1376 432 1444 atquo
444 1373 514 1429 adeo
528 1378 577 1430 aut
597 1372 677 1429 initio
690 1387 782 1428 rerum
797 1372 880 1429 inissa
893 1388 967 1428 erea-
1008 1379 1066 1431 tem
1079 1374 1123 1432 bio
1136 1373 1261 1445 intelligo
1272 1388 1399 1445 mamm,
1419 1386 1467 1428 seu
1488 1369 1631 1426 mnrium
1645 1370 1802 1445 seeundum,

172 1461 225 1534 tas,
239 1462 288 1517 rut
301 1465 395 1531 postes
408 1463 502 1519 menri.
525 1463 612 1519 Porro
625 1461 782 1518 Entelsdiia
791 1477 867 1518 nova
878 1461 966 1518 creari
1007 1463 1057 1522 ubi
1070 1467 1112 1520 est
1125 1461 1251 1519 extensio
1264 1478 1327 1518 enm
1348 1459 1510 1518 resistentia.
1543 1459 1601 1516 Nee
1614 1458 1747 1539 reeordor
1759 1476 1803 1517 ure

170 1548 271 1618 polest,
291 1549 344 1604 etsi
364 1551 441 1607 nulla
460 1568 533 1607 nova
551 1567 616 1624 puro
636 1566 740 1606 massae
757 1554 881 1623 eoem,
900 1550 966 1623 quio
1009 1550 1163 1620 (merulo
1181 1551 1324 1607 instoriam
1342 1551 1394 1607 lroe
1414 1549 1513 1618 semu)
1529 1547 1577 1604 ulii
1592 1548 1704 1604 animoa
1717 1549 1804 1621 ardg-

141 1696 147 1710 ,
171 1632 223 1689 etsi
236 1650 328 1694 mmsa
338 1636 400 1707 jum
410 1627 510 1696 hubent
518 1640 644 1714 unitates,
658 1645 752 1696 tumen
762 1652 849 1696 noras
859 1655 966 1714 sompm
1008 1656 1087 1698 nassa
1100 1639 1243 1697 nuteriam
1258 1639 1415 1713 proprium
1435 1637 1493 1693 imo
1503 1637 1594 1693 omnis
1603 1653 1669 1710 μω
1681 1639 1806 1712 eorporis

171 1722 253 1797 eupit,
269 1725 395 1797 pluribus
409 1729 472 1785 otiis
485 1729 672 1786 dominantes:
695 1734 726 1786 ut
740 1728 764 1784 si
778 1729 864 1800 nugas
875 1729 965 1785 Deum
1007 1730 1128 1804 orguuiu‘
1142 1729 1211 1786 alins
1225 1728 1388 1784 entaledrias
1400 1727 1531 1783 eontinet
1560 1725 1695 1798 Equitium
1708 1742 1805 1784 verum

170 1816 418 1888 exmassaquoad
437 1818 751 1887 totomnonorganiea,
771 1817 966 1887 v.g.exrudi
1007 1818 1267 1893 erganimamuon
1285 1815 1449 1873 trana'rede
1469 1831 1526 1871 uno
1544 1810 1805 1888 eorporeorganieo'

171 1914 250 1974 mxu,
266 1904 965 1979 tueoreeorpnsorganioum,eiquemamaniumm
1007 1903 1805 1981 inaliod,sadsemperinaodemeorporeorganiooum·

235 606 426 681 Admodum
447 609 637 667 rovorando
656 613 772 689 pater,
793 611 909 668 fautor

429 697 719 772 honoratissime,

171 1990 326 2062 pmefieere.
359 1994 415 2050 'l'ot
428 2010 528 2068 nempe
542 1994 714 2051 llnteleeliiae
728 1998 801 2067 mni,
821 1995 896 2067 quod
905 2011 965 2051 eor·
1006 2012 1081 2070 nere,
1095 2012 1131 2052 ne
1145 2001 1234 2052 morte
1243 1993 1354 2068 quidem
1369 1994 1439 2050 liene
1449 1992 1538 2062 legem
1549 1993 1678 2049 violente
1699 1993 1806 2051 verum

171 2092 240 2148 pom
258 2082 395 2153 organiea
432 2083 576 2140 ueterum
595 2082 712 2140 materis
730 2082 821 2158 prima
844 2084 965 2158 propriu,
1006 2083 1232 2142 oonsiderandum
1252 2087 1308 2157 est,
1333 2082 1386 2139 boe
1410 2082 1501 2155 ipsum
1525 2098 1623 2154 eorpus
1641 2082 1805 2151 organicum

170 2163 200 2224 id
214 2172 257 2223 est
271 2171 393 2242 potentia
413 2171 522 2245 pressive
535 2172 683 2245 primitius,
703 2171 740 2228 ab
754 2172 844 2229 nodva
858 2173 965 2247 insepa-
1005 2173 1081 2257 idem
1095 2189 1215 2246 manua,
1230 2176 1262 2230 nt
1275 2171 1354 2228 navis
1367 2170 1505 2243 Thesei,
1525 2185 1573 2226 seu
1587 2174 1619 2227 ut
1631 2173 1753 2246 flumem
1775 2173 1803 2229 id

170 2253 276 2327 rabilis,
292 2257 344 2331 ipsi
356 2255 646 2338 metueretque
657 2261 786 2335 eomplet,
801 2267 833 2318 ut
843 2261 965 2319 Monada
1008 2267 1048 2319 est
1062 2280 1121 2319 esse
1136 2263 1166 2319 in
1180 2263 1257 2319 fluxu
1272 2262 1412 2335 perpetuo,
1428 2275 1477 2314 nm
1491 2261 1604 2316 fortasse
1618 2260 1704 2315 ullam
1719 2266 1805 2317 mate

171 2359 219 2400 sou
236 2346 419 2406 substantiam
439 2351 605 2423 completam
623 2345 783 2428 constituat)
797 2355 965 2408 concreatur.
1008 2351 1066 2408 riae
1080 2351 1235 2426 portionem
1249 2349 1380 2420 assignari
1395 2363 1488 2422 posse,
1507 2363 1577 2420 quae
1591 2348 1681 2406 eidem
1696 2366 1805 2425 semper

170 2429 212 2488 Ea
226 2450 292 2491 vero
307 2453 435 2511 massam,
455 2456 502 2494 seu
518 2439 729 2495 Phaenomenon
749 2455 785 2495 ex
799 2439 967 2497 Monadibns
1008 2442 1131 2515 animali,
1147 2440 1190 2496 rei
1205 2439 1313 2496 aninmo
1327 2437 1438 2511 propria
1454 2440 1570 2492 inanem

170 2523 965 2602 mldtamuonaugebnonmagisqmmpometumiiueum.
1052 2530 1079 2586 Si
1094 2546 1152 2587 rem
1172 2527 1356 2601 scrupulosius
1369 2524 1533 2599 oonsideres,
1555 2527 1671 2580 tortasse
1685 2527 1803 2583 tentabis

142 2629 159 2677 ·,
172 2610 241 2670 Vale
256 2619 285 2671 et
301 2617 369 2674 mre.
401 2618 510 2676 Dabam
521 2618 684 2673 Hauon-orae
699 2618 746 2675 16.
756 2616 856 2674 Martii
872 2620 964 2676 1709.
1008 2618 1106 2692 dcem,
1125 2618 1234 2674 animae
1247 2618 1346 2673 saltem
1359 2619 1463 2671 eertum
1477 2613 1611 2682 assimmri
1626 2630 1706 2687 posse
1721 2633 1803 2688 pune

616 2706 809 2763 Deditissimus
1009 2713 1076 2764 turn.
1097 2708 1150 2764 Sed
1165 2711 1295 2780 punctum
1309 2721 1365 2761 nou
1380 2707 1422 2759 ost
1434 2707 1508 2759 neda
1522 2719 1586 2776 pars
1596 2705 1739 2778 mammae,
1753 2721 1803 2760 nee

482 2793 603 2854 Godet.
627 2795 715 2852 Guil.
737 2796 942 2854 [leibnitius.
1008 2791 1801 2870 intinitapunetainunumoolleoteextonsionemsnoemnt.

1006 2886 1085 2953 Quod
1105 2887 1144 2943 sie
1157 2883 1254 2960 probo.
1539 2898 1542 2903 ·

488 2966 645 2976 -ι--ιο-

1394 3037 1413 3074 n

380 3144 652 3205 EPISTOLA
682 3148 747 3204 ΧΠ.

230 3266 418 3325 Admodum
440 3271 628 3328 reverendo
649 3277 762 3348 pater,
786 3273 905 3330 fautor

428 3360 711 3419 honoratissime.

214 3497 277 3555 Duo
291 3505 355 3556 unt
369 3501 398 3556 in
413 3501 582 3575 bibliopolis,
603 3520 673 3574 queo
686 3521 734 3559 eos
748 3503 892 3575 ariibiguos
905 3504 964 3560 rul-

171 3582 236 3643 doru
257 3589 360 3644 nolentr
389 3607 474 3646 urium
500 3591 565 3647 lueri
585 3592 728 3665 cupiditas,
750 3595 867 3650 altorum
886 3594 964 3665 igno
1169 3575 1190 3615 Α
1230 3631 1288 3671 Η·
1316 3629 1335 3669 3
1397 3630 1418 3669 1,
1625 3574 1641 3612 ⁰

171 3675 268 3731 nuiin.
288 3677 333 3733 lta
347 3679 479 3752 nesciunt,
494 3680 561 3753 quid
574 3681 677 3754 eligere
690 3681 817 3755 debeant,
831 3699 881 3737 nee
897 3683 964 3738 satis

171 3763 258 3820 ddunt
272 3765 393 3841 eruditis,
417 3767 481 3840 quia
501 3773 612 3842 putant,
633 3787 681 3826 eos
701 3771 788 3843 inape
803 3771 962 3845 intelligere,
1006 3778 1087 3832 Suum
1116 3776 1282 3848 triangulum
1314 3774 1408 3846 ABG,
1440 3773 1499 3843 ejus
1532 3774 1603 3828 latus
1630 3773 1683 3830 AG
1714 3776 1802 3833 bisina

171 3852 236 3924 quid
251 3854 420 3929 sitdoetum,
440 3872 522 3929 quam
542 3858 609 3930 quid
629 3862 666 3914 sit
685 3859 830 3915 vendibile.
871 3860 964 3933 Nuper
1007 3865 1090 3936 inl),
1116 3870 1145 3921 et
1170 3865 1228 3920 Ab
1252 3865 1283 3922 in
1304 3863 1344 3937 E,
1376 3868 1404 3918 ot
1424 3863 1480 3918 ΑΕ
1500 3862 1583 3935 inF,
1602 3864 1744 3920 masin
1765 3869 1801 3938 G,

170 3943 263 3999 ourani
278 3943 307 3999 in
322 3946 453 4003 muudum
474 3947 559 4017 redigi
574 3948 791 4004 dissertationem
806 3949 874 4005 olim
887 3966 904 4003 a
919 3966 964 4005 me
1006 3959 1034 4009 et
1064 3953 1104 4008 ita
1135 3970 1218 4026 porro
1243 3969 1315 4027 pone
1340 3953 1380 4007 ita
1406 3954 1507 4006 laetum
1527 3968 1585 4005 esse
1605 3951 1633 4007 in
1657 3953 1802 4010 irdiuitum.

170 4031 360 4105 oonsoriptem,
380 4051 443 4091 eum
463 4037 618 4093 rassaoeuli
639 4037 703 4092 nom
718 4038 915 4109 exauditorem,
936 4044 964 4095 et
1007 4042 1149 4098 Habemus
1174 4043 1310 4111 insugula
1335 4041 1441 4095 infinita
1467 4040 1561 4112 1301),
1585 4040 1684 4113 nnn,
1708 4044 1803 4112 triti,

49 4186 52 4191 Ι
170 4117 418 4191 inmmnologicis
432 4123 668 4198 disquisitionibus
681 4143 813 4183 versarer.
842 4126 964 4183 Titulum
1008 4132 1103 4203 BFG‚
1128 4136 1181 4187 ete.
1215 4132 1321 4187 Horum
1345 4129 1486 4201 quodlibet
1513 4123 1618 4202 (dando
1646 4131 1714 4203 ipsis
1733 4148 1804 4186 eras·

170 4207 273 4264 nitori:
290 4209 539 4285 Florossparsi
554 4215 588 4270 in
604 4215 771 4272 tumulum
786 4216 965 4272 Jolreunae
1007 4220 1115 4293 sitiem,
1140 4224 1171 4274 nt
1197 4221 1412 4291 nantesque,
1439 4219 1482 4274 vel
1507 4218 1544 4273 ab
1570 4218 1651 4273 initio
1671 4219 1805 4275 sumendo

171 4295 254 4369 Papi
262 4314 353 4374 ussing
373 4299 421 4355 ubi
436 4301 557 4358 tabulam
568 4303 697 4377 Papisme
712 4305 813 4377 purtim
826 4307 907 4361 novis
921 4323 965 4361 ar·
1008 4308 1173 4381 triangulum
1188 4324 1318 4380 erassum,
1341 4306 1370 4361 id
1385 4312 1426 4361 mt
1440 4304 1625 4381 pyramidem)
1640 4312 1731 4380 potest
1746 4309 1804 4363 exi·

171 4386 318 4460 minuentis,
335 4390 433 4459 partim
449 4391 587 4446 veteribus
600 4393 778 4468 oonlirmatis,
793 4395 921 4466 explode,
937 4400 965 4451 et
1007 4403 1077 4454 stero
1092 4397 1248 4470 separatim.
1271 4398 1307 4452 Et
1322 4397 1361 4450 itu
1373 4396 1584 4468 unumquodque
1597 4412 1677 4452 suurn
1693 4397 1806 4451 habebit

171 4473 382 4548 (limnoiogiam
400 4476 460 4546 eius
480 4480 610 4552 temporis
630 4481 734 4553 passim
747 4482 920 4539 obscuratam
935 4484 965 4540 iu
1007 4486 1148 4561 proprium
1168 4487 1283 4558 apioem.
1322 4485 1407 4555 Pinge
1431 4484 1530 4541 deinde
1555 4485 1649 4540 omnia
1674 4486 1805 4559 componi

170 4561 244 4617 olara
261 4562 318 4618 tuoe
332 4565 446 4638 colloco,
461 4573 489 4623 et
503 4568 612 4638 eiilrgiis
626 4570 799 4627 Fridoriei
813 4573 964 4645 Spanbe·
1008 4576 1078 4630 inter
1092 4591 1130 4645 se,
1151 4578 1182 4628 ut
1201 4575 1249 4629 flat
1269 4574 1392 4646 pyramis
1407 4575 1459 4643 (i)
1480 4575 1523 4629 vel
1539 4573 1706 4647 triangulum
1722 4574 1807 4630 totale

171 4651 232 4708 mii
246 4651 388 4708 [midensis
401 4656 543 4731 Tlreologi,
558 4658 722 4731 novissimis,
738 4659 832 4717 libello
847 4661 875 4716 in
887 4662 965 4717 Rata·
1008 4663 1104 4734 ΑΒῦς
1126 4666 1211 4736 putot,
1226 4678 1324 4718 omues
1337 4663 1400 4718 illos
1413 4664 1505 4735 apices
1519 4663 1641 4719 infinitos
1655 4666 1707 4719 boe
1722 4663 1807 4719 modo

172 4740 214 4796 vis
230 4747 294 4796 aute
314 4743 419 4816 aliquot
438 4762 524 4802 annos
538 4746 621 4819 odito,
637 4749 780 4821 contentis,
803 4751 963 4823 respondeo.
1007 4752 1184 4823 compositos,
1204 4768 1259 4808 uon
1278 4754 1366 4808 iaoere
1386 4752 1439 4807 nisi
1461 4767 1547 4806 unum
1562 4753 1668 4825 apieem
1683 4767 1807 4808 eommu-

172 4828 311 4887 Nonnnlis
329 4832 412 4889 etiam
439 4850 494 4890 non
514 4835 660 4892 obseruata
682 4837 824 4910 inspergo3
853 4855 917 4895 narn
937 4843 965 4893 et
1009 4856 1074 4896 nom
1090 4841 1121 4895 ll.
1154 4841 1277 4906 Quodsi
1300 4841 1373 4896 nolis
1386 4841 1517 4896 adhibere
1537 4841 1673 4911 triangula
1688 4841 1807 4914 infinita,

171 4917 272 4975 librum
284 4921 420 4992 quoddam
432 4924 567 4993 magicum
573 4925 704 4998 Papissae
714 4926 887 5002 attributum,
899 4945 966 4984 non·
1010 4932 1108 4987 saltem
1122 4930 1199 4985 vides
1213 4931 1264 4985 hoo
1280 4945 1374 4986 renim
1389 4946 1448 4984 esso
1462 4928 1625 5003 generaliter
1635 4931 1669 4989 de
1685 4931 1808 5000 triangu-

171 5006 238 5063 dum
263 5009 373 5081 quidem
399 5011 517 5085 editum,
543 5012 650 5085 detexi3
678 5013 784 5086 aliaque
809 5017 966 5074 urriositato
1011 5020 1045 5076 lis
1063 5023 1254 5092 quotmnnque.
1287 5018 1420 5075 blxtensio
1440 5019 1551 5090 quidem
1566 5019 1673 5087 exurgit
1689 5035 1725 5073 ox
1741 5019 1808 5091 situ,

171 5095 291 5153 lactoris
311 5115 366 5156 non
386 5100 511 5177 indigna,
541 5119 577 5159 ox
593 5103 786 5177 manuscriptis
804 5106 870 5162 omi.
915 5107 967 5162 ldie
1011 5108 1059 5165 sed
1072 5107 1149 5165 addit
1162 5108 1227 5164 situi
1241 5107 1456 5164 eonlr'uuitatem.
1478 5108 1582 5163 Puncta
1596 5109 1678 5163 situm
1695 5107 1808 5180 liabent,

170 5183 280 5243 libellus
299 5188 415 5248 tomes
434 5193 522 5265 magis
537 5192 654 5267 plaoeml
668 5192 853 5270 Typogruplro
874 5200 967 5254 vestro
1010 5197 1219 5257 ooutinuitutem
1234 5210 1291 5255 non
1306 5196 1415 5273 hebent,
1430 5211 1480 5254 uec
1490 5202 1672 5272 oomponmrt3
1695 5213 1745 5253 nee
1760 5212 1810 5272 per
