3706 5828
477 321 638 383 LXXXIV.
682 322 736 381 AD
756 320 826 380 DFS
848 320 973 381 BOSSFS
995 319 1170 381 mustum
1190 320 1298 381 XXIV.
1638 318 1704 381 680

246 464 272 523 E
285 465 309 522 P
322 464 336 522 1
348 465 368 521 S
383 465 409 523 Τ
423 464 448 521 0
462 462 486 521 b
498 464 526 520 Δ
570 462 679 521 xxiv.
909 462 957 520 sed
973 468 1033 520 tum
1046 462 1150 535 aliquid
1165 462 1338 537 absolutum,
1361 467 1467 519 tanturn
1489 463 1590 519 variari
1611 480 1703 521 secun

71 587 387 649 Reverendiffim,
418 591 535 661 pm„
568 589 688 643 famo,
716 585 866 644 houm,
909 551 976 609 dum
1001 552 1168 609 mutationes
1192 552 1329 609 aninmlis.
1374 552 1446 608 Hinc
1471 552 1625 609 substantia
1643 570 1702 610 coe

392 692 536 750 „ssim
908 656 1008 714 porea,
1034 640 1078 695 vel
1099 638 1234 696 vinculum
1261 639 1439 697 substantiale
1457 640 1624 713 Manedum,
1650 641 1701 697 etsi

313 792 316 797 ,
907 729 1068 787 naturaliter
1082 744 1130 784 seu
1145 727 1289 801 physice
1304 728 1398 802 exigat
1412 727 1564 803 Monades,
1578 729 1645 801 quia
1659 734 1700 785 ta·

112 816 227 875 Gaudeo
242 820 270 875 te
283 814 354 873 berre
367 815 469 888 ratae,
485 818 514 873 at
527 813 583 871 mei
596 812 685 877 amica
698 812 863 871 meminisse·
881 870 886 901 ,
906 832 972 875 mear
985 832 1044 875 nnn
1057 820 1100 875 est
1113 816 1143 873 in
1158 815 1214 872 illis
1228 820 1360 889 tanquam
1374 816 1402 873 in
1417 816 1557 892 subjecto,
1580 832 1636 873 nou
1657 834 1699 872 rc-

67 907 187 965 Littoraa
205 911 270 962 tuae
288 904 413 961 redditae
431 904 499 960 mitri
518 907 583 959 sunt
603 902 635 958 a
651 902 741 958 Patris
761 902 864 960 Cous·
905 908 996 979 quiret
1009 922 1057 962 eas
1072 904 1324 978 metaphysica,
1340 905 1463 977 adeoque
1477 905 1560 961 salvis
1574 905 1700 961 Monadi-

67 993 212 1051 bruckii
238 993 386 1067 beneficio,
412 1010 468 1049 una
485 1008 548 1049 cum
567 990 743 1046 Orbaniauis
789 991 862 1047 Paro
905 993 1048 1068 bustelli,
1070 994 1111 1049 uel
1127 992 1228 1048 mutari
1243 997 1347 1068 potest,
1367 999 1397 1049 et
1411 994 1574 1050 monadibus
1589 1000 1699 1051 statura-

67 1100 113 1140 me
126 1083 164 1139 ad
177 1083 230 1139 iter
243 1082 469 1147 Harmreranum,
489 1080 537 1137 sod
549 1078 641 1135 neseio
657 1094 725 1151 quas
740 1095 789 1151 per
803 1095 862 1135 am·
905 1083 968 1139 liter
982 1099 1038 1139 non
1051 1082 1108 1137 suis
1121 1080 1333 1137 accommodari.
1361 1081 1418 1138 Nec
1432 1082 1489 1137 ulla
1503 1081 1604 1138 Mones
1620 1100 1699 1155 prae·

67 1171 165 1245 bages,
191 1170 257 1243 quia
278 1171 411 1229 irrtamata
428 1174 471 1227 ast
489 1168 611 1239 Vienna,
637 1168 758 1239 contagii
777 1172 862 1225 metu.
880 1170 884 1179 '
903 1176 947 1229 ter
960 1172 1158 1243 dominantem,
1175 1170 1258 1227 etiarn
1274 1170 1436 1226 naturaiiter
1451 1170 1561 1226 vinculo
1572 1170 1699 1228 substan-

66 1260 127 1332 Ego
147 1264 240 1317 tamen
253 1258 391 1316 neminem
405 1258 493 1315 adbuc
508 1256 687 1329 morientem,
715 1257 861 1313 autmari·
880 1258 883 1331 ἶ
904 1260 965 1316 tiali
980 1260 1067 1316 allisa
1082 1264 1133 1332 est,
1147 1274 1211 1316 cum
1226 1256 1363 1314 Monades
1382 1261 1505 1316 caeterae
1519 1260 1575 1315 sint
1591 1260 1621 1314 in
1636 1276 1697 1334 per·

67 1347 190 1404 bundam
205 1346 276 1420 ridi,
300 1352 491 1419 grssmtnrqno
503 1346 561 1401 luas
575 1344 605 1401 in
619 1344 713 1417 plebe,
739 1344 787 1399 ubi
806 1350 861 1401 ter·
903 1352 987 1421 petuo
1001 1335 1088 1403 fluxu.
1742 1410 1745 1415 ,

66 1452 142 1509 rore,
163 1440 193 1493 et
210 1434 328 1491 miseriis
341 1435 434 1492 alitur.
478 1433 595 1506 Caesar,
616 1432 669 1487 nisi
690 1432 860 1505 ingravescat
947 1435 1133 1492 Substantiam
1148 1450 1205 1490 non
1220 1437 1314 1506 putem
1328 1433 1496 1490 simultatem
1510 1450 1621 1493 suarum
1636 1453 1699 1509 par·

66 1524 184 1597 saalum,
206 1522 302 1579 cedere
315 1528 410 1597 nogat,
425 1521 558 1594 quidquid
572 1520 705 1577 suarleant
719 1520 767 1592 qui
781 1523 860 1577 tanto
878 1518 882 1593 f
902 1524 973 1581 tium
987 1523 1090 1597 dicere,
1111 1522 1214 1594 alioqui
1228 1522 1303 1579 anim
1319 1523 1389 1578 toret
1404 1528 1589 1596 aggregatum.
1634 1524 1699 1582 Par·

66 1612 185 1685 Principi
200 1611 309 1669 tirnerd.
351 1612 384 1668 ld
400 1611 459 1681 agit
472 1609 601 1681 Princeps
621 1608 775 1681 maximus,
803 1625 859 1665 ma·
879 1638 882 1691 3
902 1618 954 1685 tes,
971 1627 1088 1685 quarum
1102 1616 1144 1667 est
1158 1611 1311 1684 vinculum,
1326 1610 1444 1666 etsisiut
1458 1609 1484 1665 ei
1498 1612 1698 1683 eonrraturales,

63 1714 180 1772 curaque
195 1715 251 1757 non
264 1700 347 1755 sema
364 1700 395 1755 in
409 1697 607 1753 deliberatione
629 1698 770 1770 tractarit,
791 1714 860 1771 quo
879 1750 882 1773 ,
901 1716 959 1757 non
979 1706 1072 1755 tamen
1093 1704 1157 1755 suut
1176 1699 1203 1754 ei
1224 1699 1393 1772 essentialem
1421 1698 1512 1770 itaque
1537 1700 1699 1755 naturaliter

62 1788 147 1845 modo
161 1788 279 1845 societas
293 1788 386 1859 aliqua
401 1786 577 1843 scientiarum
587 1784 669 1841 condi
679 1784 775 1857 pressit,
790 1802 860 1858 quae
879 1840 882 1867 Ι
902 1788 1036 1845 tolluntur
1050 1787 1194 1861 paulatim,
1210 1791 1239 1843 et
1253 1788 1388 1860 ordinate,
1404 1786 1453 1843 sed
1468 1786 1630 1843 miraculose
1642 1792 1698 1843 sta·

62 1876 157 1933 sedeur
172 1877 296 1931 Viennae
314 1875 429 1947 babeat,
449 1874 489 1930 ita
505 1878 608 1929 tamem
623 1878 654 1930 at
668 1873 736 1929 alibi
751 1889 860 1947 quoquo
880 1922 883 1943 ,
902 1877 953 1933 tim
971 1882 999 1933 et
1020 1893 1070 1951 per
1089 1876 1189 1932 saltum
1208 1874 1338 1949 distingui
1359 1892 1376 1932 a
1396 1875 1506 1932 uinculo
1526 1881 1653 1950 possum,
1669 1880 1698 1932 et

62 1965 131 2020 socii
149 1980 207 2021 non
227 1962 332 2033 desint;
353 1963 401 2019 sed
420 1978 465 2019 res
484 1962 522 2018 ob
544 1961 707 2018 brevitatem
728 1964 860 2035 temporis
880 2000 882 2009 ·
902 1964 1040 2022 vinculum
1055 1966 1145 2037 ipsum
1160 1963 1231 2020 tolli.

62 2068 136 2108 nunc
156 2050 263 2108 absolsi
283 2068 338 2107 rron
351 2056 457 2127 potest,
478 2066 560 2125 spero
576 2056 668 2107 menen
682 2050 718 2106 ad
733 2052 860 2109 ellectum
948 2052 1007 2109 Etsi
1026 2057 1119 2110 autem
1139 2052 1233 2126 panis,
1255 2056 1284 2108 et
1305 2050 1400 2107 vinum
1421 2066 1478 2107 non
1497 2050 1553 2107 sint
1566 2050 1697 2127 virentia,

62 2139 272 2213 perducendam.
880 2158 883 2217 !
903 2147 997 2199 menen
1011 2147 1042 2197 ut
1056 2142 1150 2199 omnia
1163 2156 1290 2214 corpora,
1304 2144 1368 2196 mut
1382 2155 1418 2195 ex
1431 2139 1589 2195 viventibus
1604 2157 1698 2213 aggre-

104 2230 182 2294 Quae
192 2229 228 2284 de
239 2227 355 2285 sinentis
366 2225 592 2285 substantialibus
602 2226 670 2283 olim
681 2225 717 2282 sd
728 2225 859 2299 tesdpsi,
902 2234 975 2304 gana,
990 2234 1019 2285 ct
1033 2230 1141 2287 rimula
1153 2228 1348 2285 substantialia
1361 2228 1532 2297 singulorum
1547 2231 1697 2286 virentium

61 2332 135 2373 nunc
155 2333 212 2373 nou
225 2316 344 2373 inuenio
388 2317 418 2373 Si
432 2315 606 2372 arlmittimus
618 2315 786 2371 substantias
799 2331 861 2372 cor·
879 2298 883 2349 3
902 2319 1139 2393 componentium,
1161 2317 1344 2374 substantiam
1362 2320 1542 2389 corrrponnnt.
1587 2320 1625 2375 At
1638 2336 1699 2375 cor·

61 2420 177 2479 pareas,
196 2420 246 2461 sou
264 2403 369 2476 aliquid
389 2404 572 2462 substantiata
589 2408 701 2477 praeter
713 2402 859 2477 Monades,
878 2416 881 2445 ²
904 2423 957 2481 pus
982 2406 1083 2464 Christi
1113 2406 1252 2463 viuculmn
1282 2404 1465 2483 substantiale
1489 2405 1577 2462 totale
1602 2406 1697 2480 babet,

60 2493 102 2549 ita
116 2498 147 2549 ut
160 2508 277 2566 corpora
291 2508 346 2549 non
359 2492 416 2549 sint
430 2509 507 2549 mma
519 2492 728 2565 Ptraenomma,
750 2508 860 2549 aemam
877 2486 881 2563 j
901 2512 965 2552 cum
984 2496 1022 2551 sit
1042 2510 1140 2569 corpus
1154 2495 1265 2565 viram,
1291 2492 1410 2565 denique
1423 2494 1448 2548 si
1461 2493 1528 2565 quid
1542 2498 1597 2565 cst,
1622 2496 1698 2567 quod

60 2586 105 2637 est
131 2581 238 2639 siueuta
262 2581 454 2638 substantialia
479 2597 537 2638 non
561 2597 622 2637 ems
645 2596 736 2637 meras
761 2581 858 2639 modos
901 2584 1085 2641 substantiam
1114 2598 1276 2657 reponam
1304 2581 1463 2655 matur,
1493 2582 1524 2637 in
1553 2598 1588 2638 ao
1617 2582 1699 2640 robis

60 2670 219 2727 monadum.
262 2670 408 2727 Praeterea
426 2671 450 2726 si
470 2670 608 2727 uinculum
626 2669 807 2725 substantiata
821 2670 860 2725 sit
877 2714 880 2721 .
899 2671 1054 2744 quaerenda
1068 2677 1112 2727 cst
1125 2672 1293 2745 possibilitas
1307 2669 1636 2741 aanmubstantiationis3
1652 2672 1697 2728 sin

60 2758 196 2831 accidens,
212 2758 384 2831 anamodus,
398 2776 456 2815 uon
469 2758 572 2831 poterit
585 2775 643 2815 essa
657 2758 740 2813 siurut
755 2758 784 2813 in
799 2760 859 2830 plu·
877 2762 879 2837 j
900 2760 967 2817 nibil
980 2760 1035 2816 tata
1044 2762 1090 2835 sit,
1105 2766 1135 2817 et
1148 2758 1329 2833 corporasint
1340 2774 1416 2815 mera
1426 2761 1622 2834 pbaeuonraua,
1632 2760 1697 2817 sub-

59 2848 138 2903 ribus
156 2846 301 2919 subjectis,
323 2852 353 2903 et
371 2847 489 2920 proinde
508 2846 614 2903 nullum
629 2862 726 2901 revera
746 2846 858 2903 dabitur
877 2842 879 2877 ⁵
899 2850 1002 2905 stantia
1020 2850 1143 2923 corporis
1157 2847 1313 2921 quaerenda
1331 2847 1385 2903 erit
1404 2848 1433 2903 in
1448 2848 1515 2904 solis
1531 2847 1697 2921 phaenonrs·

59 2936 199 2991 uinculum
218 2936 400 2993 substantiata
419 2936 542 3009 plurium
563 2934 730 3009 Manedum,
753 2934 803 2991 sod
826 2935 856 2992 in
899 2937 950 2994 nis.
995 2938 1035 2993 At
1058 2953 1113 2994 non
1129 2938 1245 3009 nostris,
1272 2936 1371 3009 quibos
1392 2942 1503 2992 manent
1516 2936 1622 3008 priores
1636 2954 1696 3010 spe

58 3024 181 3094 quelibet
195 3023 317 3079 Mareade
340 3026 394 3081 erit
418 3024 566 3081 mortalitas
584 3022 699 3097 propria
717 3022 753 3080 ad
771 3023 856 3080 mmm
876 3006 879 3045 ¹
898 3026 968 3100 cies,
994 3026 1044 3083 sed
1063 3026 1094 3083 iu
1112 3026 1147 3082 iis
1161 3041 1231 3099 quae
1245 3024 1334 3080 blerrti
1348 3024 1480 3100 Divinae,
1505 3029 1535 3081 et
1548 3025 1583 3081 iis
1596 3027 1697 3098 quibus

57 3110 209 3169 Mouadcrn
235 3112 364 3169 relativa:
391 3117 421 3169 ct
447 3114 487 3168 ita
511 3128 606 3169 rursus
632 3128 751 3184 comma
778 3129 857 3169 mera
875 3062 879 3197 1
898 3116 1001 3172 revelat
1015 3116 1107 3187 Deus,
1122 3115 1313 3172 obversantur.

58 3207 140 3256 eruut
153 3202 348 3273 phaenomena,
363 3206 469 3259 etcum
484 3200 616 3257 Monadcs
629 3201 697 3257 nibil
713 3202 771 3257 sint
780 3201 857 3259 atiud
875 3201 879 3233 ³
942 3202 1192 3261 Nondum-discere
1205 3202 1299 3277 potrd,
1320 3216 1357 3257 au
1375 3200 1498 3258 reeerrsio
1511 3199 1697 3259 'tbeodicaeac

57 3304 141 3361 quam
155 3291 416 3363 repraesentationes
439 3292 691 3365 ptmanomenorum
705 3306 769 3347 eum
783 3294 858 3349 trau·
875 3260 991 3383 }‘atiqna
1005 3294 1107 3349 inserta
1121 3293 1158 3347 sit
1171 3290 1481 3347 commemorationibus
1492 3290 1626 3347 librariis
1634 3292 1697 3349 Tri·

58 3377 160 3433 situad
171 3394 244 3435 uara
255 3379 452 3453 phaenomena,
464 3384 549 3454 lsatet,
562 3379 593 3436 iu
604 3379 857 3453 iisobrepracseu·
876 3390 879 3459 j
901 3381 1036 3437 sultianis.
1080 3381 1109 3436 Si
1134 3380 1202 3452 quid
1220 3398 1254 3435 ca
1274 3380 1309 3435 do
1328 3394 1360 3433 ra
1379 3379 1525 3451 intelligis,
1552 3380 1621 3436 doce
1641 3396 1695 3455 me,

59 3467 192 3523 tationem
206 3484 266 3523 essa
279 3470 498 3541 perceptionem,
520 3468 558 3525 ob
573 3468 721 3525 transitmu
735 3484 795 3522 essa
808 3485 857 3541 ap·
877 3504 880 3535 :
899 3483 1009 3539 quaeso.
1054 3468 1089 3523 ln
1114 3468 1156 3523 bis
1182 3468 1239 3523 oris
1266 3482 1316 3522 nec
1333 3468 1609 3524 commemorationes
1632 3468 1697 3524 illac

57 3555 190 3626 potitum,
206 3570 257 3612 nac
275 3554 376 3612 dantm
394 3556 547 3630 principia,
570 3554 643 3612 unde
661 3556 768 3628 aliquid
781 3555 858 3613 aliud
877 3542 881 3647 1
899 3556 1103 3629 Trivultianae,
1119 3572 1168 3611 nec
1182 3554 1300 3611 diarium
1315 3554 1469 3610 heminam
1484 3554 1607 3612 babetur.
1643 3556 1697 3613 Sed

58 3643 115 3714 peti
130 3642 224 3714 possit.
878 3652 981 3718 lapcro
1016 3644 1179 3717 aliquando,
1214 3643 1356 3700 annitente
1389 3643 1572 3716 Imperatore,
1597 3642 1696 3703 mass

103 3730 216 3785 interim
228 3728 349 3797 objectio
360 3734 416 3803 trra,
429 3728 665 3788 Reverendissima
675 3730 772 3805 Pater,
788 3730 858 3787 mibi
878 3732 882 3751 ³
899 3734 1066 3791 Viennenses
1079 3737 1163 3807 capnt
1175 3737 1314 3788 erecturus
1329 3748 1397 3789 esse.

57 3818 276 3875 consideratione
290 3818 374 3890 digna
387 3819 447 3875 risa
460 3823 518 3891 est,
543 3835 581 3873 ex
600 3836 635 3875 eo
648 3824 756 3893 aurata,
781 3820 857 3892 quod
944 3822 1009 3879 Vidi
1037 3820 1173 3894 umectam
1203 3820 1346 3889 irrgeniesa
1374 3818 1525 3876 admodum
1553 3821 1655 3894 scripta
1677 3838 1696 3880 a

57 3907 167 3963 virscula
193 3906 386 3963 substantialia
410 3906 593 3981 generabilia,
617 3912 647 3964 et
667 3907 857 3982 sumptibilis
877 3952 880 3965 .
897 3910 932 3967 a
943 3910 974 3969 Ρ.
989 3910 1191 3969 Sacorierio
1211 3909 1406 3966 biatlrematico
1420 3908 1573 3983 Ticincssi,
1593 3926 1630 3966 ex
1644 3912 1695 3967 Or·

56 3996 191 4052 dixeraru.
240 3995 274 4051 ld
299 4012 366 4053 vero
384 3996 542 4054 Metlatium
568 3997 712 4070 proprium
738 3998 854 4073 videbar,
875 3968 964 4111 felino
982 4005 1089 4072 restro,
1117 4000 1145 4055 in
1167 4000 1255 4056 lucem
1270 3999 1359 4068 editas
1385 3997 1437 4052 etsi
1452 3998 1601 4053 sententias
1612 4013 1695 4071 quas·

55 4102 92 4141 ex
111 4086 182 4142 meis
200 4085 287 4142 ctiam
300 4086 457 4160 principiis,
484 4100 535 4142 nac
547 4087 694 4143 merenies
708 4086 853 4145 obsoletis.
875 4114 879 4175 Ι
897 4088 961 4145 dam
975 4088 1182 4146 mathematicas
1202 4090 1297 4145 torcat
1304 4127 1313 4162 ,
1339 4102 1408 4159 quas
1421 4101 1478 4142 uon
1497 4087 1611 4144 manino
1631 4104 1695 4161 pro·

56 4175 92 4229 Et
111 4174 175 4231 ideo
188 4190 219 4229 re
234 4190 370 4248 expansa,
390 4177 519 4232 bnctcnus
533 4175 699 4235 senteutiam
714 4180 807 4250 muto,
824 4180 854 4233 ut
873 4204 878 4289 ,
897 4177 964 4235 bare
977 4192 1099 4252 possum

56 4263 220 4334 putcurjnrn
233 4264 302 4319 ninii
313 4264 380 4319 oriri
394 4264 854 4337 absurdasietiaurvinculumsub-
941 4268 1029 4340 Opto,
1054 4271 1086 4322 nt
1105 4265 1220 4338 prorleat
1235 4262 1403 4319 bibliotheca
1424 4266 1532 4317 reabse
1550 4262 1695 4321 Societetis

56 4352 853 4426 mantialasmiprmsulsstantiecompositidicaturingane·
897 4352 1400 4427 Alegambio·Sotbrrstlisns
1418 4366 1469 4423 per
1483 4350 1693 4427 benennam,

56 4438 423 4515 rabilisetincorrnptibitis
436 4442 853 4509 eroniamrereraualtamsob·
896 4443 933 4501 ad
957 4442 1109 4501 nodmims
1138 4446 1265 4516 tempora
1289 4439 1460 4497 merresta.
1504 4438 1594 4497 Valde
1618 4442 1694 4497 enin

55 4528 186 4583 stantiam
195 4544 357 4601 corpoream
366 4530 569 4587 arludttendam
581 4534 666 4606 pato,
686 4531 740 4587 rrisi
752 4529 801 4587 ubi
812 4536 854 4589 est
895 4534 997 4589 vellem
1016 4531 1146 4588 notitiam
1165 4531 1269 4587 trabere
1282 4528 1488 4603 praeclarorum
1503 4526 1627 4587 virorum
1640 4531 1693 4586 Or·

54 4631 159 4688 consus
173 4618 333 4685 organicum
348 4635 410 4675 cnm
421 4618 545 4675 nunus
561 4618 736 4692 dominante,
753 4635 803 4676 seu
813 4618 854 4676 ri·
896 4622 971 4681 dinis
984 4619 1079 4677 vestri.

55 4722 131 4777 ram,
144 4704 365 4777 animatscitieet,
376 4708 420 4762 vel
430 4706 545 4764 animali
555 4707 711 4781 analogum
738 4708 854 4765 meere
939 4711 975 4769 R.
990 4708 1068 4766 Patri
1081 4704 1224 4763 Orbana
1238 4704 1359 4762 inclusas
1372 4702 1445 4760 mitti
1460 4706 1534 4776 pato.

55 4811 121 4851 vero
142 4811 205 4850 esso
219 4798 366 4865 aggregas
380 4810 465 4867 prusa,
485 4811 535 4849 seu
555 4811 641 4852 unum
655 4812 705 4868 per
717 4796 852 4873 accidens,
939 4800 1001 4870 Ego
1015 4795 1109 4853 moad
1124 4796 1241 4851 raditum
1255 4810 1334 4869 paro.
1378 4791 1459 4858 Quod
1474 4796 1606 4864 superest,
1621 4793 1691 4867 vale,

55 4898 113 4940 nnn
131 4900 219 4941 unnrn
238 4900 289 4956 por
301 4900 340 4939 se
384 4884 454 4940 cum
473 4899 557 4956 ergo,
583 4888 616 4939 ut
627 4884 694 4959 seis,
722 4901 780 4943 non
793 4892 853 4944 tan·
895 4886 1131 4945 Rarmeudissrmo
1152 4885 1249 4960 Pater,
1275 4888 1305 4941 et
1325 4883 1397 4939 lara
1441 4880 1551 4937 Dabam
1570 4882 1693 4941 viamus

55 4972 115 5027 tum
128 4975 260 5046 animam,
275 4972 323 5029 scd
337 4972 422 5030 otiam
436 4971 541 5029 mmai
555 4972 667 5029 interire
681 4990 793 5046 negem,
812 4974 854 5031 di·
875 5008 879 5085 ,
897 4977 949 5033 23.
964 4975 1082 5049 ammi
1099 4972 1192 5031 trra.

54 5076 117 5115 cara
131 5061 215 5133 igitm
235 5080 286 5119 nec
301 5062 439 5117 vinculum
453 5060 648 5135 substantiale,
668 5079 716 5119 seu
728 5062 854 5119 substan
877 5088 880 5121 ι
1342 5055 1536 5115 Deditissimns

56 5146 125 5205 tiam
138 5152 260 5225 corperis
275 5152 393 5209 animati
406 5150 570 5210 naturaliter
585 5149 853 5226 somersetam,
877 5162 881 5231 ῑ
966 5204 973 5225 ‚
1197 5184 1204 5193 -
1265 5149 1301 5205 G.
1324 5148 1360 5204 G.
1386 5144 1647 5206 Leibaitius.
