3706 5828
195 334 239 406 74
810 342 858 402 vu
880 342 931 398 nn
944 340 1033 399 vinu
1047 341 1177 398 arnna.

1725 434 1733 461 l

193 491 314 565 gustabit
326 485 407 558 hujus
420 485 493 542 ritae
502 483 665 556 dulcedines,
676 482 815 556 inquibus
828 483 907 558 alius,
922 500 979 540 uon
1002 482 1006 589 Ι
1030 483 1210 541 consideratio
1223 484 1362 539 hominem
1380 499 1476 541 eorum
1494 485 1581 559 probe
1600 500 1715 560 mnarum
1733 491 1813 545 tanto

193 585 265 636 recte
277 576 415 650 adhibitis,
429 574 603 632 acerbissima
612 577 702 646 potoet
711 587 846 628 acamara
859 588 980 646 quaeque
1030 573 1130 646 gaudio
1144 573 1294 646 pertlmdet,
1313 577 1344 627 ut
1354 572 1416 641 jam
1429 573 1496 629 satis
1509 591 1539 630 se
1552 574 1654 632 vixisse
1667 575 1813 635 arbitratu-

192 667 319 742 experiri.
1029 678 1076 717 rus
1090 661 1134 733 sit,
1155 677 1192 717 ex
1210 676 1265 733 quo
1284 662 1351 716 tales
1370 662 1398 716 ei
1410 662 1588 734 cogitationes
1605 664 1680 720 Dens
1693 665 1813 722 indulse-

238 757 266 810 3.
282 750 485 810 Consideranda
501 753 544 806 est
557 749 689 806 mentis
702 752 844 804 nostrae
859 748 923 818 (boc
938 752 980 805 est
1003 760 1005 819 t
1029 750 1074 805 rit
1117 750 1155 805 Et
1173 750 1303 821 quoniam
1317 758 1412 804 venum
1425 750 1526 806 amoris
1540 750 1677 821 objectum
1696 756 1739 810 est
1751 772 1813 828 per·

191 843 439 914 substantiaequae
450 840 479 895 in
491 838 572 894 uobis
581 837 902 910 consciacst)natura,
914 854 980 910 qua·
1002 824 1005 911 ξ
1029 837 1169 912 ῖοοίίο,ἐί
1188 838 1298 910 quaudo
1317 843 1436 894 mentem
1455 855 1534 894 suam
1551 840 1588 895 ad
1607 846 1733 898 uabnam
1751 842 1811 911 ejus

192 939 271 990 tenus
286 933 388 1004 absque
400 945 498 1002 corpus
511 926 640 983 consistet
660 930 743 998 atque
762 926 812 982 illo
830 925 910 998 longe
930 943 979 981 no·
1002 926 1005 955 ¹
1027 927 1221 998 speculandam
1235 927 1331 998 elevat,
1346 943 1376 982 se
1389 927 1425 982 ad
1439 927 1498 996 eius
1511 944 1634 985 amorem
1651 931 1812 988 neutraliter

79 1027 122 1133 m
192 1023 275 1078 bilior
293 1025 336 1076 cst
354 1023 382 1073 et
400 1017 604 1072 innumerarum
623 1031 693 1087 quae
717 1014 747 1069 in
772 1013 822 1070 hac
846 1014 904 1069 vita
921 1031 979 1070 nou
1002 962 1005 1067 l
1028 1018 1085 1070 tam
1100 1015 1247 1087 proclivem
1260 1015 1444 1087 deprehendit,
1460 1019 1491 1072 ut
1504 1032 1540 1071 ex
1553 1018 1627 1073 suis
1641 1018 1724 1074 etiam
1739 1019 1811 1075 atili·

132 1136 138 1145 -
191 1112 337 1166 occurrunt
354 1106 526 1177 voluptatum
545 1119 643 1176 capax.
687 1102 758 1159 Hinc
782 1102 857 1158 enim
876 1119 926 1158 nos
947 1106 979 1158 ut
1026 1103 1162 1160 ctionibus
1176 1102 1305 1176 gaudium
1325 1103 1463 1177 percipiat,
1488 1109 1617 1178 reputans
1639 1108 1812 1164 voluntatem

191 1197 360 1254 immortales
370 1193 566 1251 considerando
576 1205 796 1268 summarumque
806 1190 977 1264 voluptatum
1026 1190 1086 1261 ejus
1099 1192 1150 1247 boc
1165 1191 1225 1264 ipso
1239 1191 1355 1265 impleri,
1371 1207 1454 1264 seque
1466 1208 1529 1248 cum
1543 1194 1593 1250 illo
1607 1196 1748 1252 voluntate
1760 1212 1811 1252 sua

166 1297 168 1300 ’
190 1303 311 1363 rapaces,
327 1283 393 1339 inde
406 1287 499 1338 autem
513 1297 564 1337 uos
578 1269 739 1336 mortalibus
752 1283 781 1336 et
796 1279 904 1335 caducis
917 1270 977 1336 cor-
1027 1279 1194 1353 conjungens
1213 1285 1271 1336 tam
1285 1281 1402 1352 perfecte
1415 1297 1479 1336 eum
1492 1286 1577 1354 amat,
1596 1288 1628 1339 ut
1647 1284 1716 1341 nihil
1735 1285 1811 1357 prim

191 1368 312 1449 poribus,
327 1370 420 1427 multis
435 1369 639 1426 infirmitatibus
665 1369 808 1441 obnoxiis,
830 1372 858 1423 et
876 1385 976 1441 paucos
1025 1369 1125 1425 habeat
1138 1369 1167 1423 in
1182 1367 1261 1440 votis,
1276 1384 1360 1440 quam
1379 1373 1410 1424 ut
1423 1369 1475 1425 Dei
1488 1371 1618 1453 voluntas¹
1632 1372 1710 1444 fiat].
1742 1373 1810 1429 lude

191 1465 264 1520 intra
278 1477 364 1517 annos
379 1459 515 1534 perituris,
530 1456 689 1526 conjunctos
708 1474 774 1531 esse,
794 1456 920 1529 equidem
934 1457 976 1512 ni-
1025 1458 1065 1530 tit,
1079 1462 1110 1513 ut
1124 1456 1191 1512 talia
1204 1457 1377 1512 considerans
1390 1462 1516 1532 mortem,
1536 1459 1653 1533 dolores,
1666 1476 1811 1518 aeumnss

189 1552 230 1608 bil
246 1551 402 1607 omittemus
416 1563 472 1620 quo
485 1547 565 1604 nobis
580 1548 719 1602 soronam
736 1545 767 1601 in
786 1544 836 1601 hac
854 1545 912 1601 vita
932 1563 977 1601 ae·
998 1584 1001 1656 ,
1025 1550 1145 1602 mettere
1155 1545 1271 1618 desinat,
1282 1561 1344 1601 cum
1358 1545 1426 1602 sciat
1439 1547 1508 1603 nibil
1519 1564 1599 1620 posse
1612 1549 1666 1605 s'bi
1679 1549 1810 1623 accidere,

190 1657 273 1713 quam
292 1638 445 1708 reddamus,
468 1635 628 1691 decaetero
652 1639 753 1706 tamen,
773 1633 976 1714 oomffltione
1025 1635 1099 1707 quod
1112 1651 1170 1690 nou
1184 1634 1258 1689 Deus
1277 1634 1425 1690 decreverit
1438 1635 1614 1709 divimmque
1632 1637 1700 1694 illud
1721 1638 1811 1695 decre·

163 1675 380 1802 (ΜΨ,
399 1726 449 1782 hac
473 1723 532 1779 vita
556 1740 613 1779 non
638 1723 725 1796 magis
749 1722 821 1778 affici
845 1721 976 1778 ebenus
1024 1727 1084 1778 tum
1098 1727 1156 1778 tam
1166 1721 1272 1790 justum
1285 1738 1317 1778 ac
1331 1724 1514 1780 necessarium
1532 1725 1684 1799 existimet,
1700 1731 1811 1800 tamque

163 1776 169 1920 l
189 1833 274 1890 quam
287 1815 312 1871 si
325 1813 650 1892 mmoediatumcxitum
662 1815 820 1884 spectemus.
1024 1828 1054 1867 se
1067 1811 1109 1867 illi
1123 1809 1220 1879 subjici
1234 1811 1333 1868 debere
1352 1816 1521 1885 perspectum
1539 1813 1647 1889 lrabeat,
1673 1818 1705 1870 ut
1724 1816 1810 1872 edam

235 1906 264 1961 4.
285 1904 391 1985 Qu
410 1918 485 1958 csse
501 1901 658 1973 cogitemus,
680 1900 731 1955 boc
750 1903 792 1955 est
808 1916 857 1955 ens
871 1915 976 1955 summe
1024 1916 1087 1956 cum
1111 1899 1147 1956 ab
1173 1899 1221 1955 illo
1246 1904 1364 1956 mortem
1382 1904 1431 1956 aut
1449 1901 1553 1973 aliquid
1572 1903 1639 1958 mali
1658 1909 1809 1977 exspectat,

189 1996 347 2068 perfeetum,
361 2008 379 2048 a
393 2005 449 2063 quo
460 2005 552 2046 rerum
566 1989 690 2045 omnium
704 1988 848 2044 existentia
862 1988 975 2061 singulis
1024 1987 1131 2045 ebanrsi
1147 1989 1232 2060 (quod
1254 1988 1423 2060 impossibile
1441 1986 1494 2065 est)
1509 1995 1706 2063 supponeretur
1719 2009 1808 2068 posse,

189 2081 336 2140 momentis
355 2078 502 2153 dependet,
522 2077 569 2151 qui
589 2094 645 2133 una
663 2077 827 2149 cogitatione
847 2076 975 2150 quicquid
1024 2081 1119 2133 tamen
1137 2077 1223 2134 nollet
1243 2077 1395 2133 immutare.
1428 2078 1481 2134 Sed
1500 2068 1810 2138 si'malacalamitatoe·

189 2171 251 2244 tuit,
265 2175 316 2244 est,
331 2169 391 2240 erit,
406 2170 455 2224 aut
473 2183 531 2223 esse
553 2170 644 2239 potest
662 2169 760 2238 tuetur,
780 2164 857 2234 cujus
875 2168 975 2237 perfec
1025 2181 1078 2238 que
1092 2181 1150 2221 non
1163 2166 1270 2238 refugit,
1285 2166 1386 2239 quippe
1398 2181 1468 2238 quae
1481 2166 1745 2241 sibiaprovideutia
1756 2170 1810 2226 im·

189 2259 278 2316 tionoe
293 2262 357 2314 sumt
367 2256 497 2327 infinitae,
512 2259 633 2328 potestas
648 2253 790 2327 immensu,
812 2253 920 2310 decreta
934 2253 975 2309 in·
1024 2254 1256 2326 mittunttu,certe
1265 2255 1346 2327 louge
1356 2254 1525 2311 minusbona
1533 2256 1659 2328 repudiat
1669 2257 1810 2331 licitasque

188 2347 330 2418 tallibilia3
350 2345 432 2401 abac
450 2345 526 2400 enim
546 2344 652 2400 ratione
671 2343 808 2416 docemur,
828 2359 906 2398 casus
925 2359 975 2398 no·
1024 2342 1187 2415 voluptates,
1202 2343 1301 2414 quibus
1315 2343 1346 2399 iu
1359 2343 1409 2399 bac
1423 2343 1480 2399 vita
1500 2345 1554 2400 tiui
1570 2349 1668 2419 protest,
1689 2362 1752 2402 cum
1770 2347 1808 2405 ab

188 2441 259 2493 stros
285 2450 372 2508 aequo
394 2433 488 2490 arrimo
513 2433 633 2505 accipere
658 2436 754 2505 utpote
773 2447 790 2485 a
810 2431 870 2487 Dm
894 2430 974 2487 nobis
1024 2432 1120 2487 eadem
1145 2431 1316 2504 providentia
1340 2431 1550 2506 proficimunttn,
1575 2439 1659 2507 atque
1681 2435 1723 2491 ita
1740 2433 1808 2491 dum

188 2526 261 2582 lraud
274 2528 377 2580 temere
389 2522 536 2595 immissos,
551 2521 658 2594 etquis
674 2536 768 2577 verum
783 2519 886 2576 amoris
900 2519 975 2588 obje·
1024 2521 1098 2577 bona
1117 2520 1204 2575 aeus
1223 2519 1409 2592 amplectitur,
1430 2521 1566 2577 malorum
1583 2522 1708 2580 omnium
1733 2529 1808 2581 metu

188 2607 263 2670 dum
277 2611 469 2685 superiectio,
491 2610 517 2666 si
535 2610 646 2682 quando
659 2613 778 2665 mentem
797 2613 919 2665 nostram
938 2608 975 2664 ad
1023 2625 1133 2680 vacuus,
1148 2625 1199 2664 suo
1213 2608 1242 2663 in
1256 2609 1346 2664 Deum
1359 2625 1453 2665 amore
1466 2610 1571 2667 beutm.

188 2700 248 2770 ejus
267 2706 394 2756 naturam
417 2698 592 2772 spectandam
618 2697 769 2770 elevamus,
790 2715 841 2753 nos
859 2697 896 2752 ad
915 2696 974 2766 qius
1070 2697 1103 2765 5)
1124 2696 1163 2751 Ut
1185 2701 1309 2753 accurate
1326 2701 1432 2754 constet
1449 2699 1545 2770 quanti
1564 2699 1601 2754 sit
1619 2699 1753 2771 quidlibet
1771 2701 1809 2758 ad

188 2805 310 2845 amorem
331 2794 389 2843 tam
406 2787 567 2843 naturaliter
585 2786 717 2858 prodires
741 2785 973 2858 deprehendimus,
1023 2785 1220 2842 beatitudinem
1248 2789 1379 2859 noemam,
1408 2786 1655 2845 attendendum
1683 2794 1733 2862 cst,
1764 2805 1809 2847 ex

187 2881 219 2933 ut
232 2894 269 2933 ex
283 2876 383 2933 nostris
396 2876 481 2931 etiam
494 2874 686 2930 afflictionibus
700 2874 829 2947 gaudium
844 2874 975 2947 percipia-
1023 2875 1229 2946 quibusnam
1251 2874 1367 2931 causis
1393 2875 1555 2949 voluptas
1567 2881 1694 2933 'nostra
1715 2877 1808 2934 oria·

188 2981 258 3037 mus,
278 2967 434 3038 reputantes
453 2963 621 3019 voluntatem
639 2961 699 3030 ejus
718 2963 825 3034 impleri
844 2963 896 3018 boc
914 2962 974 3035 ipso
1024 2967 1092 3033 turc
1114 2961 1194 3030 bqjus
1213 2964 1288 3018 euim
1306 2962 1478 3035 potissimum
1500 2964 1541 3021 rei
1558 2964 1680 3038 cognitio
1698 2966 1808 3023 virtutis

188 3055 262 3126 qnod
276 3055 306 3109 in
320 3053 381 3108 illas
395 3052 555 3107 incidamus.
600 3049 709 3120 [Deum
722 3051 921 3109 consideremus
943 3054 974 3106 ut
1023 3050 1183 3107 exercitium
1208 3052 1312 3107 facilius
1336 3053 1442 3108 efficere
1465 3057 1563 3125 potest
1595 3053 1740 3110 Sciendum
1764 3060 1807 3112 est

187 3143 244 3198 Ens
264 3157 370 3198 summe
388 3142 546 3213 perfectum,
568 3139 620 3196 boc
639 3143 682 3195 est
699 3138 776 3209 crqjus
795 3139 973 3213 perfectiones
1023 3140 1123 3211 itaque,
1145 3155 1240 3196 omnes
1258 3140 1366 3196 ammae
1384 3147 1492 3197 nostrae
1510 3142 1645 3214 actiones,
1667 3158 1738 3215 quae
1758 3143 1808 3200 eli·

163 3268 168 3315 ,
186 3232 293 3287 nullum
307 3230 455 3286 terudnum
468 3228 620 3301 involvunt,
635 3227 699 3283 hinc
712 3229 901 3284 caimetarum
915 3229 971 3300 liet,
1023 3227 1184 3300 quidnobis
1200 3228 1373 3301 perfectionis
1391 3229 1541 3303 acquinmt,
1556 3231 1704 3288 seeundum
1722 3231 1807 3290 virtu·

162 3320 245 3377 lnon
269 3320 361 3375 minus
385 3333 536 3390 repugnare
560 3317 680 3388 cogitare
704 3317 794 3372 Deum
820 3316 860 3385 (b.
875 3335 899 3372 e.
924 3332 973 3373 ens
1023 3321 1079 3373 tem
1099 3332 1166 3389 esse,
1186 3321 1273 3372 totam
1292 3321 1383 3372 autem
1405 3318 1572 3391 voluptatem
1590 3323 1714 3376 uosuam
1734 3320 1808 3393 porn'·

161 3388 166 3495 ξ
186 3424 293 3465 summ
306 3401 471 3481 pssum)
488 3404 531 3461 cur
545 3404 616 3460 asu
629 3404 774 3461 mena
790 3399 859 3482 (soc
872 3408 915 3460 st
927 3405 972 3461 eur
1022 3409 1080 3460 um
1095 3421 1153 3461 sse
1168 3405 1198 3461 in
1216 3406 1388 3477 matrona
1407 3406 1522 3475 aneso
1541 3412 1650 3464 nasse
1668 3409 1806 3485 omues

160 3500 164 3537 t
186 3496 257 3553 desit
270 3497 362 3568 aliqua
376 3493 529 3569 perfectio),
550 3508 637 3573 quam
650 3493 769 3568 cogitare
788 3498 910 3549 montem
928 3493 972 3549 cui
1022 3493 1070 3565 tia,
1089 3508 1145 3565 quo
1165 3493 1255 3566 posito
1269 3495 1398 3567 sequitur,
1413 3496 1518 3551 nullam
1538 3512 1659 3570 unquam
1677 3498 1806 3554 virtutem

155 3540 163 3661 l
184 3587 257 3665 desit
276 3585 372 3663 vallis,
407 3584 452 3639 Ex
471 3583 522 3638 boc
541 3582 616 3638 enirn
634 3581 702 3653 solo,
723 3583 827 3655 absque
846 3583 904 3638 ullo
918 3572 977 3639 dis?
1021 3582 1140 3638 exerceri
1155 3598 1242 3655 posse,
1259 3582 1310 3639 boc
1323 3588 1366 3639 est
1382 3599 1530 3656 numquam
1543 3586 1601 3642 fieri
1621 3602 1701 3658 pooee
1720 3602 1738 3642 a
1757 3603 1806 3643 no·

185 3660 279 3745 eursu,
299 3661 490 3746 coquoscemus
511 3671 600 3726 Deum
614 3670 745 3743 existere,
771 3671 876 3743 eritque
892 3670 972 3727 nobis
1023 3670 1065 3727 bis
1085 3671 1159 3742 quod
1180 3671 1252 3727 ratio
1272 3671 1364 3745 dictat,
1384 3673 1452 3743 quin
1470 3672 1499 3728 id
1520 3690 1571 3730 nos
1590 3674 1730 3748 voluptate
1743 3692 1806 3748 pro-

184 3779 242 3818 non
257 3763 347 3817 minus
360 3778 409 3834 per
428 3777 458 3816 se
471 3764 577 3830 notum,
592 3763 650 3814 tam
664 3759 814 3815 necessario
827 3759 863 3814 ad
881 3759 972 3816 ideam
1022 3758 1126 3815 tundat
1148 3759 1228 3815 Unde
1241 3760 1370 3832 possibile
1384 3767 1426 3817 est
1439 3777 1475 3817 cx
1488 3762 1583 3819 labore
1598 3766 1627 3819 et
1639 3779 1705 3819 cura
1718 3765 1819 3855 multoq

184 3851 265 3906 Entis
283 3866 389 3905 summe
408 3847 519 3921 perfecti
537 3847 673 3920 pertinere
686 3847 869 3920 exuendam,
888 3864 972 3921 quam
1021 3847 1155 3917 maiorem
1173 3863 1257 3921 quam
1276 3865 1313 3905 cx
1330 3848 1387 3904 risu
1408 3853 1436 3905 et
1450 3848 1541 3922 quiete
1558 3851 1727 3923 voluptatem
1746 3858 1820 3963 peni

185 3939 221 3994 ed
246 3938 336 3994 ideam
361 3936 476 4005 alicujus
500 3936 606 3992 numeri
631 3940 680 3992 aut
703 3936 804 4008 figurae
828 3937 970 4009 pertinere,
1020 3936 1083 4010 cipi.
1126 3936 1171 3993 Sic
1189 3937 1274 3995 etiam
1289 3921 1348 4009 quo
1368 3937 1532 3995 difficiliores
1546 3945 1674 4013 superatn
1688 3946 1753 3997 sunt
1766 3943 1820 3997 ai.

68 4025 76 4040 '
185 4027 260 4100 quod
279 4026 309 4081 in
329 4042 362 4081 ea
382 4025 455 4081 clare
472 4025 642 4098 percipimus.
686 4024 767 4081 Unde
785 4024 878 4097 simul,
898 4025 971 4098 quis·
1021 4027 1105 4081 tectus
1124 4026 1219 4098 nostri,
1245 4027 1296 4083 boc
1320 4025 1425 4094 majore
1442 4027 1566 4085 animum
1590 4029 1731 4102 voluptate
1753 4029 1806 4086 im·

185 4131 252 4171 nam
265 4115 340 4171 Deus
353 4114 398 4184 sit,
418 4119 550 4185 quantum
564 4118 677 4170 naturae
696 4118 807 4170 noemae
826 4116 879 4170 tert
898 4114 971 4170 intir-
1020 4114 1105 4187 plent,
1127 4120 1170 4184 Q
1182 4114 1355 4189 mimmenfi
1374 4114 1496 4193 inaximo
1510 4117 1720 4195 oblectamento,
1741 4135 1804 4174 suas

184 4204 266 4260 mitas
279 4217 465 4276 agnoscemus,
485 4202 522 4258 ad
541 4201 972 4281 iiffltlutwisswmlitm
1019 4202 1145 4286 itavircs
1159 4203 1285 4283 coeperim.
1328 4201 1374 4259 Sic
1392 4204 1509 4276 denique
1522 4189 1821 4279 generaum'obbctss

184 4297 293 4348 tantum
322 4289 495 4363 respicientes
530 4289 699 4347 inveniemus
728 4290 970 4364 providentiae
1019 4278 1510 4362 tu‘ur‘eii‘s‘p'eisintiscendoaueccu
1523 4294 1593 4351 inse
1606 4295 1805 4367 qualescunque

183 4381 258 4449 ejus
272 4377 532 4450 incircumscriptam
544 4379 740 4450 extensionem,
756 4396 805 4452 per
818 4394 900 4450 quam
915 4393 970 4433 una
1019 4378 1194 4451 commoveri,
1215 4379 1298 4435 modo
1322 4385 1432 4436 maneat
1450 4381 1511 4450 qius
1527 4382 1557 4438 in
1571 4383 1635 4457 illos
1649 4381 1803 4456 imperium.
1831 4437 1836 4445 ,

183 4468 350 4542 cogitatione
363 4466 490 4539 quicquid
505 4465 566 4538 tuit,
582 4471 631 4538 ast,
652 4467 707 4523 erit
725 4472 774 4523 aut
793 4483 851 4523 me
869 4467 970 4540 poterit
1019 4465 1096 4523 Nulli
1120 4481 1229 4539 quoqne
1252 4466 1314 4523 binc
1339 4473 1451 4526 eventus
1475 4471 1545 4528 adeo
1565 4471 1655 4528 tristes
1675 4479 1748 4545 sunt,
1776 4477 1804 4528 et

183 4557 312 4629 intuetur,
333 4556 554 4611 decretorum
574 4553 806 4611 infallibilem
824 4555 969 4612 certitu·
1018 4555 1093 4627 vulgi
1103 4553 1209 4622 judicio
1222 4556 1347 4615 absolute
1360 4558 1435 4629 mali,
1456 4559 1604 4632 exquibus
1617 4576 1675 4616 non
1688 4562 1804 4617 rationis

182 4646 312 4717 dinem,
327 4660 398 4716 quae
410 4657 582 4715 sequaquam
595 4641 695 4698 mutari
709 4649 831 4716 possunt,
846 4648 969 4716 poten·
1018 4658 1071 4715 ope
1089 4642 1193 4715 aliquid
1211 4644 1339 4701 utilitatis
1358 4646 1460 4719 pecipi
1481 4648 1575 4720 posit,
1595 4649 1696 4721 quique
1718 4650 1803 4706 ullam

183 4736 254 4791 tiae
273 4735 456 4789 immensas
476 4730 583 4801 vires,
603 4745 671 4803 qum
691 4738 843 4803 perspectas
856 4732 967 4789 lubebi·
1017 4731 1117 4787 habere
1130 4732 1236 4804 possint
1249 4734 1364 4790 nocendi
1383 4735 1492 4791 aniuue
1509 4740 1619 4793 nostrae
1638 4737 1705 4810 um,
1721 4738 1804 4795 modo

182 4838 253 4896 mus,
267 4823 293 4878 si
307 4823 342 4879 de
350 4821 403 4876 Dei
416 4819 545 4892 operibus
558 4819 640 4892 digne
649 4822 799 4877 umbramus
809 4823 968 4893 vastamque
1017 4818 1084 4875 satis
1097 4836 1256 4894 semperque
1269 4823 1367 4879 babeat
1386 4824 1459 4896 apud
1473 4841 1503 4880 se
1518 4824 1592 4882 unde
1610 4830 1739 4883 contenta
1757 4827 1802 4898 sit,

182 4911 260 4967 illum
274 4911 309 4968 de
321 4910 383 4966 idea
397 4908 518 4964 universi
529 4907 621 4963 ideam
630 4906 786 4979 babeamus,
797 4924 881 4980 qnam
891 4926 968 4983 prae·
1016 4908 1065 4964 sed
1079 4909 1169 4980 potius
1183 4925 1281 4982 augere
1296 4911 1355 4980 ejus
1364 4912 1512 4986 laetitiam,
1527 4914 1551 4968 si
1566 4913 1701 4987 observet,
1718 4933 1748 4972 se
1766 4915 1803 4972 ab

181 5003 285 5055 stantes
299 4997 453 5072 pbilosopbi
466 5002 570 5053 veteres
579 4994 699 5069 novique
708 4994 802 5051 animo
812 5014 967 5072 concepere,
1017 4995 1074 5051 illis
1087 4997 1159 5053 laedi
1173 5014 1231 5053 nou
1244 5016 1331 5072 posse,
1345 5001 1418 5073 quod
1435 5001 1499 5057 iacit
1514 5007 1544 5058 ut
1566 5003 1653 5076 magis
1672 5007 1803 5076 agnoscat

180 5087 383 5160 cogimusque
396 5090 490 5142 tantae
503 5085 584 5141 molis
598 5084 771 5140 exstentim
783 5084 896 5159 singulis
909 5102 967 5142 mo·
1016 5085 1208 5158 perlectionem
1221 5104 1307 5144 suam.
1343 5089 1445 5145 Verum
1458 5105 1520 5145 cum
1537 5091 1688 5165 voluptates
1707 5109 1802 5165 corpo-

157 5185 162 5194 ·
180 5175 281 5231 mentis
295 5175 332 5231 ab
351 5192 385 5231 eo
403 5173 563 5249 dependere.
606 5173 712 5229 Horum
732 5172 824 5244 itaque
842 5175 966 5231 omnium
1016 5172 1055 5229 ris
1068 5174 1123 5230 sint
1134 5190 1212 5250 quae,
1223 5176 1570 5249 imaginationisecontbse
1585 5181 1739 5253 effluentes,
1754 5197 1802 5254 ap-
