3706 5828
563 326 597 384 V.
618 325 1060 386 nusnlopumosopmoo
1075 326 1220 385 mzoun.
1659 319 1704 388 69

76 462 171 522 aaran
188 464 250 539 ipse
267 463 431 524 Nlaolius
454 471 547 524 noster
572 484 602 523 se
620 467 795 525 Nominalem
819 485 868 525 ex·
916 468 973 527 cari
987 485 1076 542 posse,
1090 468 1144 525 etsi
1157 467 1356 527 universalibus
1367 470 1398 525 et
1414 469 1627 551 ionualitatihm
1644 488 1704 529 roa·
1754 480 1757 495 ¹

76 558 150 610 serto
162 554 285 628 profiteri
293 570 352 611 non
365 555 473 612 dubitet
483 549 580 632 (prope
589 556 673 613 tinem
684 556 783 629 eapitis
795 557 868 615 senti
917 556 991 614 libus
1003 574 1115 631 prorsus
1127 562 1266 629 misatur,
1283 573 1340 629 qua
1358 557 1494 614 amtentia
1515 558 1584 615 nihil
1602 561 1702 635 verius,

75 641 145 699 libri
165 635 269 718 primi)
294 648 324 699 et
346 660 413 700 vero
431 644 599 701 inraalitate
622 645 820 702 formalitatum
838 650 868 703 et
916 645 989 702 nihil
1013 645 1101 703 nostri
1130 645 1261 720 temporis
1285 645 1446 719 pldlosopho
1470 645 1593 720 dignius,
1618 665 1704 721 usque
1827 614 1836 653 '⁸

75 731 275 788 miivermlium
297 732 444 789 evertenda
468 749 568 789 nervias
592 732 783 808 dinmmtiouis
807 732 867 802 eius
916 735 994 806 adeo,
1009 734 1162 791 uteredam
1175 735 1266 807 ipsrun
1279 733 1455 791 Occamum
1472 751 1532 793 non
1550 736 1633 793 misse
1646 737 1703 795 No·

75 819 169 875 omnis
182 819 355 893 potissimum
372 820 552 894 conbueatur,
572 837 660 893 pauca
676 823 812 895 maedam
831 822 868 880 de
916 823 1102 896 minaliorem,
1128 839 1212 895 quam
1230 839 1304 881 nunc
1321 827 1362 878 est
1382 823 1528 880 Thomas
1546 823 1702 900 llohbes,

75 908 271 965 Nominalihua
284 908 418 978 subjicere
436 926 536 983 operae
554 910 672 982 pretium
690 911 768 968 duxi.
810 911 867 968 No-
916 911 972 985 qui,
988 915 1019 966 ut
1032 927 1127 967 veroin
1140 914 1236 983 fatear,
1250 910 1317 967 mihi
1335 911 1479 985 plusquam
1496 912 1643 969 nominalis
1661 913 1702 971 vi-

75 997 193 1053 minales
206 1002 280 1068 sunt,
293 997 342 1070 qui
361 998 455 1055 omnia
476 1002 576 1071 putant
592 1015 652 1056 asse
665 1000 740 1057 nuda
753 1000 868 1056 nomina
916 999 1004 1056 detur.
1036 1000 1100 1056 Non
1114 1004 1258 1057 oontenbrs
1271 998 1346 1056 enim
1359 1016 1423 1056 cum
1436 999 1628 1059 Nomimlihm
1641 1002 1703 1059 uui-

75 1089 184 1159 paahr
203 1085 370 1142 susbstantias
386 1087 546 1160 singubres,
565 1087 763 1145 abstractomm
782 1089 867 1162 igitur
916 1088 1033 1144 versalia
1045 1088 1083 1146 ad
1102 1089 1216 1145 nomina
1233 1086 1369 1160 idme,
1384 1088 1473 1162 ipsam
1491 1106 1584 1147 rerum
1603 1089 1702 1147 verita·

74 1179 106 1230 et
117 1174 313 1231 umrersalium
325 1175 478 1232 realitatem
491 1193 601 1249 prorsus
615 1177 722 1234 tollunt
743 1177 867 1235 Primum
917 1176 1033 1233 tena'aii
1050 1177 1081 1233 in
1098 1177 1256 1234 nominibus
1274 1176 1433 1250 condatem,
1453 1194 1500 1251 ac,
1520 1178 1594 1250 quod
1612 1177 1704 1249 maim

74 1268 169 1319 autem
188 1263 371 1320 nombralium
389 1263 467 1321 aiunt
486 1264 569 1321 muse
586 1265 679 1322 nescio
702 1282 783 1339 quem
801 1267 868 1323 Ru·
916 1269 967 1337 est,
982 1265 1422 1338 penidereabarbitriohumano,
1440 1265 1506 1338 quia
1524 1266 1703 1342 veritaspen·

74 1352 230 1408 celinum
252 1353 449 1426 Britonem,
482 1352 561 1423 cojris
590 1354 731 1411 occasione
754 1360 868 1414 muenia
916 1353 1228 1412 deatadelinitiouibus
1251 1353 1439 1426 termiuomm,
1465 1355 1636 1412 definitiones
1654 1373 1703 1413 au·

73 1441 226 1497 mtamina
246 1441 278 1497 in
295 1440 434 1498 acadeuia
448 1442 594 1500 parisiensi
613 1445 723 1500 fuerumt
739 1444 866 1501 excitata
916 1447 973 1499 tem
997 1443 1176 1500 terminomm
1200 1443 1236 1499 ab
1255 1441 1370 1499 arbitrio
1392 1442 1521 1499 humano
1564 1444 1640 1501 Haec
1661 1448 1705 1501 ost

74 1529 171 1586 Relert
184 1529 214 1585 in
226 1546 292 1586 oum
309 1528 447 1600 ejusmodi
460 1531 637 1604 Epigrma
654 1531 865 1590 Aventinus:
915 1532 1052 1588 sententia
1065 1531 1119 1588 riri
1137 1532 1210 1588 inter
1224 1530 1451 1604 prolunlissimos
1469 1531 1553 1589 seculi
1566 1532 1703 1606 oensemli,

117 1652 193 1718 aas
206 1652 378 1710 nucerino
391 1654 555 1733 doceant
568 1653 716 1711 muscae
731 1672 820 1729 voss,
915 1636 979 1720 ‘¹3¹⁸’
994 1624 1026 1676 ui
1043 1619 1113 1692 Μ
1132 1619 1202 1677 ”³¹5¹
1219 1623 1310 1720 W
1328 1636 1388 1675 ω
1402 1619 1596 1720 P⁰m¹f¹³¹³¹¹⁵n
1625 1621 1705 1679 Μ

117 1741 235 1814 Jamque
249 1741 344 1799 dolens
358 1742 393 1798 de
406 1760 449 1816 se,
469 1759 526 1799 non
539 1744 598 1798 vult
618 1743 648 1799 in
662 1743 774 1801 vocibus
789 1760 863 1817 csse,
915 1708 1061 1809 dmm}
1073 1713 1117 1766 “t
1134 1709 1169 1765 (ιθ
1187 1713 1275 1809 ¹¹⁰.⁸t¹'¹
1294 1712 1425 1780 mim
1444 1708 1631 1811 pfflf’wphm
1650 1710 1704 1767 Re*

117 1830 175 1886 ne
189 1834 264 1887 amat
298 1830 328 1886 in
342 1831 435 1888 nesus
448 1832 552 1888 cunta
569 1831 630 1888 vuit
643 1849 702 1889 ese
716 1832 819 1890 aeas.
915 1798 1118 1870 ‘mmm
1138 1814 1186 1854 ⁰⁰⁸
1207 1814 1231 1853 ⁸¹
1249 1813 1307 1853 ⁰⁰¹¹
1325 1796 1470 1870 ΜΝ
1483 1796 1642 1853 ‘mm
1662 1803 1704 1854 ¹⁸·

116 1918 193 1975 νοω
212 1871 378 1993 mzmr’
398 1936 442 1977 m
460 1920 511 1993 sit,
530 1920 605 1993 quod
622 1936 690 1977 m
704 1920 830 1995 dmm
915 1886 1396 1943 menNomiuaiesesselemomms
1417 1885 1508 1942 'lanto
1518 1884 1602 1959 igitur
1612 1886 1703 1959 aptior

117 2005 215 2063 Plorat
239 2007 457 2065 Aristoteles
475 2024 561 2082 nugas
582 2008 714 2067 tradendo
733 2011 840 2084 semes,
914 1975 957 2032 Μ’
971 1975 1139 2081 ¹⁰¹¹¹P⁰¹ib¹f⁸
1153 1973 1314 2074 Ni²⁰¹iff⁸
1328 1973 1388 2030 “ii

116 2095 174 2152 ns
196 2095 250 2153 sni
264 2097 416 2153 susem
429 2112 571 2170 permees
592 2096 759 2170 aedues,
958 2064 1071 2121 ffl
1097 2064 1177 2121 bunt
1196 2063 1233 2120 “¹
1252 2062 1383 2119 b¹20¹¹1
1406 2079 1512 2119 mors
1535 2063 1705 2121 rmeundum

116 2183 385 2259 Porphyriusque
401 2185 505 2261 gemit,
520 2184 669 2330 affigas
702 2186 756 2244 sibi
780 2188 866 2245 lector
914 2151 1704 2313 Qfflmffiffitgrgmssmflffffiss

118 2360 173 2426 Qui
186 2379 231 2418 re
245 2362 369 2435 asmata,
384 2361 563 2435 nucerino,
578 2312 714 2418 no’esus
732 2363 800 2419 aare
914 2328 1297 2490 ffffllffpfflss
1310 2329 1703 2474 ffifflfflffl

914 2505 1458 2579 qmsmgetessequaedampmeoepta
1475 2503 1703 2580 mmartiscogi·

423 2644 425 2651 .
914 2595 992 2651 taruli
1005 2611 1053 2651 seu
1067 2594 1195 2650 scientiae
1213 2594 1248 2650 do
1267 2599 1366 2667 merite,
1387 2598 1448 2650 tum
1465 2593 1575 2667 pictatis
1592 2600 1703 2652 natina-

118 2680 176 2737 Diu
189 2685 282 2737 autem
292 2680 381 2749 jacuit
401 2680 433 2737 in
446 2680 565 2737 tenonis
577 2685 652 2737 secta
665 2680 862 2757 Nominalium
887 2696 891 2755 y
913 2683 956 2755 lis,
972 2700 1019 2740 seu
1033 2683 1162 2739 scientiae
1176 2683 1212 2739 de
1224 2699 1332 2738 summa
1344 2698 1445 2755 mmm,
1460 2682 1489 2738 id
1503 2685 1546 2739 est
1558 2683 1703 2757 bletaphy·

72 2768 361 2826 doueemaximivir
380 2769 495 2841 ingenii,
515 2769 795 2843 etemditiouispro
814 2772 863 2829 illo
887 2776 890 2889 p
913 2771 1290 2844 sioae3nametsiiliamad
1309 2771 1532 2828 Oratoriamam
1552 2776 1641 2829 artem
1661 2771 1703 2829 di-

71 2857 634 2930 acrommmaewilhelmusOccam
644 2858 864 2932 AnglmScoti
886 2900 889 2937 ,
913 2861 1001 2935 cendi,
1016 2861 1087 2916 hano
1099 2860 1136 2917 ad
1149 2859 1292 2930 Pluysicam
1306 2859 1507 2917 seuseicntiam
1519 2864 1703 2935 ruituraepmb

72 2945 232 3019 ‹hsdpulus
247 2947 295 3003 sed
309 2963 378 3003 mox
398 2953 572 3020 oppmgrmter
590 2948 737 3020 maniplus,
756 2948 792 3005 de
812 2948 863 3004 im·
885 2968 889 3015 ι
912 2949 1001 3005 tinere
1014 2949 1089 3022 velit,
1102 2966 1136 3006 eo
1150 2952 1311 3021 argumento
1330 2948 1404 3021 quod
1422 2953 1452 3005 et
1470 2952 1574 3005 r‘eteres
1594 2953 1703 3007 tantum

72 3035 185 3108 provbo
203 3052 266 3091 eam
286 3035 470 3105 ramessia
489 3052 650 3093 consensere
669 3037 861 3109 Gregorius
912 3042 968 3095 tres
982 3038 1096 3095 leoerint
1109 3036 1342 3110 Fuucyclopaediae
1355 3041 1455 3111 partes,
1470 3037 1608 3110 logicam,
1630 3038 1703 3109 Phy-

71 3123 270 3198 Ariminensis,
300 3125 402 3183 Gabr.
432 3124 523 3195 Bicl,
551 3129 580 3181 et
608 3125 730 3197 plerique
757 3125 862 3183 onlinis
885 3162 888 3201 ,
912 3126 998 3183 sicam
1010 3126 1174 3183 etEthieam
1188 3124 1259 3197 (quo
1272 3126 1351 3183 facile
1363 3125 1492 3198 effecerit,
1506 3143 1542 3183 ne
1552 3127 1702 3185 Mathem-

72 3213 345 3286 hugustinianomm,
366 3213 440 3270 nude
460 3217 489 3269 et
507 3212 537 3269 in
555 3214 702 3271 Martini
720 3214 862 3271 Luthcri
886 3208 889 3283 i
912 3216 980 3273 tices
993 3216 1104 3288 quidem
1118 3214 1244 3271 scientias
1257 3214 1406 3288 peculiares
1419 3215 1507 3285 ersc):
1525 3215 1595 3271 nihil
1609 3220 1702 3273 lernen

72 3301 183 3375 scriptis
201 3303 338 3375 prioribus
363 3319 442 3358 amor
464 3301 653 3359 Nominalium
675 3303 743 3359 satis
764 3303 860 3376 elucet,
886 3300 889 3388 ξ
913 3304 1040 3377 prohibet
1058 3303 1209 3361 accuratius
1228 3307 1320 3376 partos
1337 3302 1569 3375 suhd’atinguerc,
1595 3307 1625 3360 et
1643 3304 1701 3361 dia·

73 3390 162 3447 donee
180 3392 344 3463 pimcedente
368 3396 493 3464 temporo
516 3408 582 3464 erga
600 3407 694 3447 omnes
712 3391 863 3449 Monachus
887 3400 890 3473 ᾗ
913 3392 1024 3450 lecticae
1037 3398 1190 3466 separatam
1204 3408 1222 3447 a
1235 3392 1390 3463 Rhetorica,
1411 3397 1443 3447 ut
1462 3395 1491 3449 ct
1508 3392 1702 3463 gmnnmtioae

72 3480 225 3552 nasute
248 3481 361 3537 allectus
381 3498 440 3536 esse
464 3480 562 3552 coepit
606 3480 746 3536 Generalis
770 3486 864 3537 autem
887 3478 889 3505 ³
913 3482 1007 3556 (latin,
1033 3480 1234 3554 hletaphysicae
1258 3497 1306 3535 scu
1325 3479 1490 3552 'lheologiae
1508 3485 1663 3552 seraramm
1682 3497 1702 3537 a

72 3568 169 3641 regula
186 3574 238 3640 est,
258 3568 487 3641 qriaNonrinales
505 3568 608 3642 pressim
627 3574 755 3625 utuntrn:
779 3570 864 3625 Fntia
913 3570 1043 3642 Physica,
1068 3576 1101 3626 ut
1123 3574 1153 3625 et
1172 3568 1287 3625 biathasi
1310 3568 1406 3641 datur,
1438 3568 1529 3623 locum
1553 3568 1701 3640 assignare

72 3673 131 3713 non
144 3674 204 3713 csse
217 3658 422 3731 multiplicanda
440 3663 548 3730 praeter
561 3657 757 3714 aeoessitatem
788 3658 864 3715 llaec
913 3659 985 3715 hlud
1004 3675 1112 3731 quoque
1130 3654 1243 3714 minime
1263 3656 1404 3713 terendum
1424 3660 1474 3728 esi,
1495 3656 1569 3727 quod
1589 3656 1700 3714 domon-

72 3746 168 3819 regula
182 3746 220 3803 ab
233 3747 296 3802 aliis
308 3747 412 3820 passim
424 3751 597 3820 oppugnatur
615 3746 692 3817 quasi
712 3744 814 3816 injuria
833 3746 864 3802 in
887 3700 891 3795 l
914 3748 1087 3820 strationem,
1107 3746 1216 3819 qualem
1230 3744 1371 3818 ‹iscripsit
1384 3743 1609 3818 Aristoteles,
1624 3762 1701 3818 pror·

73 3835 206 3891 Divinam
219 3835 382 3899 ubertatem,
395 3835 537 3892 liberalem
550 3834 864 3908 potiusquamparuam,
914 3852 960 3892 nis
979 3841 1107 3893 enatura
1125 3850 1217 3891 rerum
1234 3834 1321 3906 tollit,
1342 3833 1447 3890 leuibus
1467 3840 1540 3889 oerte
1558 3850 1701 3905 argumm·

72 3932 102 3979 ct
117 3923 251 3979 varietate
263 3941 296 3980 ao
309 3924 390 3997 copia
409 3940 500 3980 rerum
519 3923 691 3996 gaudentem
734 3924 797 3997 Sed,
816 3923 864 3995 qui
914 3924 959 3996 tis,
984 3923 1140 3997 exquibus
1160 3921 1334 3996 potissimum
1357 3925 1412 3977 est:
1437 3921 1511 3993 quod
1537 3922 1701 3981 ursiversalia

73 4013 116 4068 sic
127 4011 273 4085 objiciunt,
294 4029 352 4070 non
365 4013 434 4068 satis
453 4012 520 4068 mihi
540 4012 722 4069 nominalium
744 4016 864 4069 mentem
914 4028 972 4068 non
984 4014 1042 4069 sint
1055 4012 1087 4068 iu
1104 4028 1196 4070 rerum
1213 4016 1320 4083 natura,
1348 4003 1446 4086 (quum
1468 4015 1561 4067 husen
1586 4013 1702 4093 sufficiat

72 4100 179 4174 cepisse
192 4101 327 4174 videntur,
340 4118 420 4174 quae,
430 4101 483 4158 etsi
496 4100 637 4157 obscurius
651 4101 801 4174 proposita,
812 4100 865 4157 hue
913 4100 951 4158 ad
978 4100 1233 4158 demonstrandmn:
1267 4099 1382 4156 nomina
1411 4115 1471 4156 ease
1504 4097 1701 4173 muvcmalia)3

73 4189 161 4246 redit:
182 4190 355 4262 llypotbesiu
368 4207 402 4247 eo
416 4207 476 4246 esse
485 4191 635 4261 meliorem,
650 4206 705 4262 quo
718 4189 864 4262 simplicio-
915 4189 1014 4247 mnis
1027 4190 1102 4262 quod
1120 4187 1278 4260 cnernpbmr
1301 4186 1361 4257 ejus
1385 4187 1516 4244 bactensis
1541 4187 1701 4262 interpretes

73 4294 142 4351 rem,
168 4283 198 4335 ct
216 4278 248 4334 in
267 4280 356 4336 causis
375 4296 471 4337 eorum
490 4295 560 4351 quae
573 4284 707 4353 apparent
720 4278 865 4336 recidendis
915 4295 1016 4352 magno
1028 4282 1129 4335 conatu
1141 4279 1242 4334 trustra
1254 4276 1445 4349 quaesiverint.
1480 4276 1538 4350 Ego
1558 4294 1623 4335 vero
1638 4295 1702 4334 eon·

72 4384 139 4424 erma
152 4366 257 4440 optime
268 4385 300 4425 se
313 4385 414 4440 gerere,
433 4368 580 4440 quiquam
595 4368 762 4442 parcissima
781 4367 865 4439 gratis
914 4372 958 4425 ba
971 4365 1214 4438 arbitror,1mmim
1228 4365 1350 4422 inlibris
1363 4364 1586 4437 Aristotelis,
1602 4368 1659 4423 imo
1673 4372 1702 4423 ot

72 4461 218 4530 supponat.
260 4457 334 4513 Nam
353 4457 402 4530 qui
420 4457 501 4514 aliter
518 4457 584 4530 agit,
599 4474 634 4515 eo
652 4456 713 4531 ipsu
727 4462 864 4530 naturam,
914 4454 1151 4530 ipsiusNizolii,
1166 4471 1304 4512 occurere
1317 4457 1455 4511 accuratas
1469 4458 1497 4510 et
1511 4456 1642 4527 paraus
1655 4457 1702 4512 de·

72 4552 123 4602 aut
135 4545 229 4619 potiris
242 4550 367 4603 autorem
380 4545 439 4615 ajm
449 4546 541 4603 Derim
550 4545 660 4620 ineptae
671 4544 866 4619 mperhuitatis
914 4544 1134 4602 momhationes.
1163 4543 1244 4609 Quod
1258 4543 1348 4617 ipsum
1361 4543 1557 4616 oenomaum,
1570 4548 1600 4600 et
1613 4563 1632 4600 a
1644 4561 1701 4601 aon

71 4638 192 4691 mnt-
223 4635 253 4691 Si
271 4634 333 4708 quis
350 4635 534 4692 Astronomus
553 4635 691 4691 rationem
704 4635 865 4707 pimenome·
913 4633 1125 4706 intelligentium
1152 4630 1352 4703 objectionibus
1383 4630 1585 4688 nobilissimam
1612 4639 1701 4691 aneni

73 4739 176 4780 riorum
188 4723 349 4781 coelestium
361 4724 475 4781 reddere
492 4728 583 4796 potest
601 4725 695 4797 [einh
707 4722 863 4797 mppodtis,
914 4721 1119 4779 musinuli
1131 4722 1280 4794 vindicare,
1295 4720 1425 4794 peculiari
1439 4737 1540 4794 operae
1552 4738 1642 4778 seno.

117 2449 183 2505 Non
207 2451 389 2523 argumentis,
410 2451 541 2523 nulloque
564 2450 736 2523 Sophismata
755 2452 840 2508 sentis

117 2538 174 2594 Res
187 2539 335 2596 existemm
349 2540 379 2595 in
397 2539 510 2596 vocibus
529 2556 588 2596 esse
601 2543 749 2596 manentes.

73 4811 159 4869 ms
183 4812 314 4870 mmmm
338 4813 460 4870 moesus
484 4812 655 4886 simplicibus
678 4812 864 4884 amanum
957 4797 1057 4868 xxx,
1078 4811 1236 4877 Quodilem
1248 4809 1700 4883 mutenditgenuimhristotc·

72 4900 134 4971 eju
157 4906 232 4958 certe
254 4902 413 4975 hnmthesis
437 4900 496 4970 eius
521 4901 665 4974 humiliori
687 4899 865 4974 preferens
888 4928 891 4939 =
916 4901 961 4957 lis
974 4917 1058 4973 opera
1071 4917 1145 4958 nunc
1157 4916 1215 4958 non
1229 4898 1333 4972 teneri,
1347 4897 1429 4970 idque
1441 4898 1509 4955 locis
1526 4897 1700 4970 potissimum

71 4990 135 5062 erit,
152 4991 203 5063 qui
224 4991 318 5047 multis
336 4991 452 5048 orbibus
469 4991 546 5047 varie
570 4989 699 5063 implexis
721 4988 759 5046 ad
777 4988 865 5061 expli·
914 4989 1117 5062 Ciceronis,
1145 4989 1213 5045 mihi
1240 5003 1381 5060 nunquam
1408 4985 1579 5059 persuaserit·
1628 4988 1700 5047 Nam

73 5079 163 5137 narb
179 5079 309 5137 masfla
328 5080 442 5154 indiget.
493 5079 538 5135 Fn
556 5081 607 5136 bac
622 5077 683 5147 jam
702 5078 796 5151 regida
808 5076 865 5134 No·
913 5077 981 5151 quid
994 5077 1096 5135 miram
1108 5082 1159 5151 est,
1172 5077 1312 5135 hominem
1326 5074 1467 5150 politicum
1481 5078 1510 5130 et
1523 5073 1638 5134 iuhrritis
1655 5095 1699 5135 ou·

75 5168 191 5227 riuales
203 5167 385 5246 dolmensi,
399 5167 496 5227 omnia
509 5168 540 5226 iu
553 5184 645 5228 rerum
658 5170 758 5234 natum
776 5165 865 5241 expli·
915 5167 955 5227 ris
983 5166 1122 5239 obmtum,
1150 5166 1240 5240 qualis
1266 5171 1327 5225 erat
1346 5162 1479 5236 Cicero,
1503 5178 1698 5241 nonnunquam
