3706 5828
691 345 736 403 v1.
764 347 815 403 DE
829 346 917 404 vlrn
931 347 1063 406 ΒΕΑΤΑ.
1641 335 1686 402 75

61 485 162 558 parent
175 499 256 557 saepo
268 484 349 558 louge
359 484 477 556 majores
487 503 569 559 quam
580 503 673 543 revera
684 492 756 561 sunt,
771 505 849 562 prae·
898 487 975 561 vitia,
989 505 1047 543 non
1060 488 1123 545 ideo
1137 492 1229 544 tamen
1243 490 1360 545 oderam
1372 492 1429 562 eos,
1441 504 1509 561 quos
1522 488 1579 545 illis
1589 488 1685 544 vident

61 572 159 629 sertim
172 576 320 644 antequam
332 576 537 648 possideantur,
558 592 628 648 quae
642 577 777 632 malorum
792 594 849 633 om·
899 577 1043 650 obnoxios,
1058 577 1106 633 sed
1120 578 1209 632 solum
1223 594 1317 632 comm
1330 577 1508 634 miserentur:
1542 579 1584 633 Ac
1601 580 1685 651 prout

62 661 142 718 nium
155 661 332 735 omniumque
345 663 376 718 in
391 665 446 720 vita
460 681 582 720 errorum
596 664 673 737 origo
687 660 745 738 ost,
757 667 850 722 obser·
871 630 876 763 Ι
898 681 956 722 non
969 683 999 721 se
1013 669 1111 740 putant
1125 665 1212 720 multo
1227 665 1368 722 inferiores
1387 665 1430 738 iis,
1445 666 1492 738 qui
1511 667 1591 739 plura
1609 665 1683 721 bona

60 750 184 806 nudum
204 749 254 819 (ne
267 751 355 824 specie
371 752 480 807 illarum
491 753 670 826 decipiamur)
681 755 849 810 voluntatem
899 758 948 809 aut
961 755 1077 810 honores
1091 754 1238 827 posident,
1253 759 1301 809 aut
1315 753 1361 827 qui
1379 753 1498 827 ingenio,
1521 754 1682 828 unelitione,

61 855 99 896 ex
114 838 302 911 ungrribrdine
315 841 487 912 perfeetionis
506 842 583 896 illam
602 842 773 914 producentis
791 859 850 899 esse
899 845 1021 899 formave
1046 843 1229 915 praepollent,
1256 842 1298 898 vel
1320 843 1389 898 alios
1412 846 1532 898 eaeteros
1555 846 1685 915 superant

61 927 269 984 aestimandam
313 927 352 983 Ut
381 928 474 1001 itaque
498 930 591 985 anima
615 935 709 986 nostra
733 933 850 1007 perfecte
867 997 870 1006 1
899 931 929 986 in
942 930 1005 987 eliis
1019 931 1182 1003 quibusdam
1196 930 1413 1004 perfectionibus,
1429 931 1468 985 ita
1482 948 1531 986 nec
1552 950 1581 987 se
1590 931 1683 1003 'multo

61 1020 193 1073 oontonta
204 1016 251 1090 sit,
265 1016 334 1072 nihil
347 1017 422 1073 alind
432 1017 513 1075 debet
523 1034 607 1092 quam
615 1019 745 1076 virtutem
754 1023 850 1077 exacto
872 950 876 1091 Ι
898 1019 1049 1093 superiores
1062 1019 1222 1075 existimant
1235 1018 1278 1090 iis,
1289 1035 1357 1091 quoe
1370 1018 1498 1075 similiter
1511 1019 1540 1074 in
1551 1019 1592 1075 bis
1607 1036 1684 1092 prae·

61 1104 177 1176 oechriq
191 1105 343 1178 quicunque
356 1106 430 1162 enim
444 1107 483 1162 ita
497 1106 562 1180 agit,
578 1111 609 1162 nt
622 1109 786 1165 conscientia
800 1124 849 1164 soa
872 1096 876 1119 ‘
898 1108 1008 1181 cellunt,
1024 1108 1096 1180 quod
1111 1107 1177 1164 haee
1191 1106 1284 1163 omnia
1297 1107 1352 1162 iilis
1373 1106 1516 1163 videantur
1534 1107 1607 1163 hand
1626 1123 1684 1162 ma·

62 1193 231 1266 exprobrare
244 1194 270 1250 ei
284 1199 408 1267 nequeat,
415 1195 504 1268 ipsum
519 1210 638 1268 unquam
652 1196 804 1269 neglexisse
815 1213 849 1253 eu
898 1213 952 1267 gria
965 1194 1182 1254 consideratione
1195 1196 1278 1269 (ligna
1292 1213 1358 1270 prae
1372 1196 1446 1252 bona
1464 1195 1513 1251 illa
1533 1196 1682 1268 voluntate,

63 1284 162 1355 hone,
176 1297 247 1355 qnae
260 1282 374 1339 meliora
383 1282 519 1352 jurlieavit
531 1277 617 1360 (quod
631 1289 672 1340 est
685 1285 781 1342 sectari
795 1286 849 1340 vir·
897 1302 933 1341 ex
947 1301 1002 1358 qua
1014 1284 1074 1340 sola
1088 1303 1117 1340 se
1129 1285 1284 1342 aestimant.

62 1371 177 1443 niteo),
190 1371 256 1427 inde
268 1371 352 1427 labet
364 1372 585 1445 calefactionem,
597 1389 667 1445 quae
681 1377 738 1429 tam
752 1378 848 1447 potens
941 1374 984 1430 Ac
1008 1372 1048 1428 sie
1071 1373 1254 1446 generosiores
1279 1372 1368 1427 solent
1392 1371 1550 1428 humiliores
1563 1384 1684 1445 'qnoque

62 1463 106 1515 est
119 1459 156 1515 ad
168 1459 338 1515 efficiendam
351 1460 517 1534 felicitatem,
532 1466 563 1517 nt
578 1462 752 1518 violentiores
765 1462 850 1519 etiam
898 1479 971 1535 esse3
985 1462 1167 1519 humilitas
1181 1466 1273 1518 autem
1287 1460 1411 1516 consistit
1424 1461 1453 1516 in
1473 1477 1506 1516 ea
1524 1460 1682 1535 reflexione,
1790 1480 1792 1485 ’

61 1548 211 1604 affectuum
229 1552 320 1604 motus
336 1565 476 1621 nunqnam
495 1554 538 1606 sat
556 1551 673 1608 labeant
693 1551 793 1609 virium
813 1551 850 1607 ad
899 1567 982 1625 qnam
1002 1550 1115 1606 facimus
1134 1567 1215 1622 supra
1233 1549 1418 1604 intinnitatem
1437 1553 1546 1605 nostrae
1559 1553 1682 1623 naturae,

61 1636 229 1694 turbandam
241 1636 327 1693 animi
341 1638 575 1711 tranquillitatem.
900 1645 929 1696 et
947 1656 1051 1696 errores
1072 1654 1139 1711 quas
1158 1639 1225 1695 olim
1239 1637 1377 1711 potuimus
1396 1641 1425 1692 et
1444 1637 1569 1711 deinceps
1589 1655 1684 1711 possu-

310 1764 603 1836 uuocvs·
898 1745 961 1873 su
974 1731 1433 1890 und„
1451 1727 1682 1871 vieni

107 1900 184 1957 lineo
198 1901 228 1957 in
242 1902 367 1959 habitum
381 1918 511 1959 oonrmsa
525 1908 655 1976 genennt
668 1903 849 1977 generosi·
898 1908 1089 1978 praeferamus,
1105 1908 1261 1976 reputantes
1274 1907 1395 1958 meteros
1408 1902 1456 1974 qui
1470 1904 1575 1975 pollent
1588 1903 1681 1959 nobis·

62 1994 187 2061 tatem,
208 2005 279 2062 quae
297 1990 387 2063 efficit,
408 1996 439 2047 nt
458 1992 541 2048 bomo
559 2010 589 2048 se
607 1993 746 2049 existimet
764 2010 848 2066 quan·
897 2011 960 2050 eum
973 2011 1024 2049 suo
1038 1992 1125 2048 libero
1139 1993 1255 2049 arbitrio
1268 2008 1354 2064 aeque
1364 1992 1434 2048 bene
1447 2007 1479 2048 ae
1489 2008 1540 2047 nos
1553 2009 1587 2047 eo
1601 2008 1681 2065 posse

63 2083 126 2134 urm
138 2082 230 2151 potest
250 2078 380 2151 legitime.
414 2080 489 2136 liaeo
507 2085 599 2136 auum
617 2082 648 2138 in
666 2099 700 2138 eo
714 2081 847 2154 consistit,
897 2083 946 2138 uti.
989 2082 1043 2147 Qui
1061 2082 1112 2137 boe
1132 2082 1214 2138 modo
1235 2080 1358 2153 generosi
1376 2083 1448 2152 sunt,
1471 2081 1631 2136 naturaliter
1644 2080 1680 2136 ad

13 2194 21 2208 ·
61 2166 167 2240 purtim
180 2167 299 2224 utnorit
311 2167 379 2224 nihil
393 2185 487 2224 revera
500 2186 580 2225 suum
593 2187 653 2227 esso
670 2174 785 2242 exceptu
797 2171 848 2226 bac
898 2186 998 2243 magrra
1011 2169 1145 2244 patranda
1158 2172 1289 2242 feruntur,
1303 2169 1343 2225 sio
1356 2173 1457 2239 umen,
1471 2172 1503 2224 ut
1516 2169 1585 2224 nihil
1599 2168 1681 2224 susei-

60 2255 152 2312 Iibea
164 2254 344 2328 dispositione
356 2273 468 2313 suarum
481 2259 661 2331 voluntatum,
684 2275 734 2315 nee
747 2276 777 2314 se
791 2259 848 2314 lau-
898 2259 985 2332 piant,
1000 2258 1078 2327 eujus
1089 2276 1127 2314 se
1145 2275 1203 2314 non
1222 2274 1332 2331 ‹apaooe
1352 2258 1480 2329 sentiant,
1502 2262 1530 2312 et
1548 2257 1680 2329 qnoniam

61 2344 350 2417 rhrimtvitrrperari
368 2345 466 2402 debere
483 2347 537 2402 nisi
550 2347 624 2419 quod
643 2346 692 2402 illa
712 2347 781 2406 bene
799 2352 849 2402 aut
898 2348 965 2404 nihil
986 2347 1073 2420 magis
1090 2351 1219 2420 reputant
1236 2362 1320 2419 quarn
1333 2346 1402 2402 bene
1416 2348 1504 2401 faeere
1517 2345 1580 2401 aliis
1593 2345 1680 2401 borni·

61 2432 137 2489 rnale
149 2436 252 2506 naun,
267 2434 420 2506 partimque
435 2435 509 2506 quod
528 2436 629 2492 sentiat
643 2434 674 2491 iri
687 2452 717 2492 se
730 2436 791 2508 ipsu
804 2437 849 2491 fir·
898 2437 979 2493 nibus
1000 2435 1111 2510 proprio
1130 2451 1211 2510 saepis
1230 2435 1376 2490 commodo
1394 2437 1536 2506 contento,
1557 2433 1601 2490 bic
1620 2452 1680 2506 por

62 2523 849 2597 mumaewmtampmposimmmbeneutendiidest
899 2528 967 2582 fecte
1001 2524 1160 2596 hnmani,
1194 2523 1384 2595 affabiles,
1424 2522 1579 2578 officiosi
1614 2539 1680 2596 erga
1765 2518 1767 2522 ⁸
1822 2516 1824 2520 ’

63 2625 216 2682 mmqmnr
238 2611 349 2667 eurardi
372 2612 521 2685 voluntate,
546 2612 708 2686 suscipiendi
732 2617 761 2668 et
785 2629 848 2668 exe-
897 2629 1115 2685 unumquemque
1138 2617 1209 2667 sunt
1253 2611 1404 2667 dilectibus
1426 2615 1519 2666 autem
1539 2611 1610 2684 suis,
1630 2610 1679 2666 sed

60 2698 166 2772 qudi
178 2700 275 2755 omnia
287 2715 356 2772 quae
370 2699 536 2767 judicaverit
554 2701 668 2759 meliora
686 2719 754 2774 esse,
774 2701 847 2773 qnod
896 2701 1021 2776 inprimis
1040 2700 1160 2757 invidiae
1178 2717 1211 2756 ac
1230 2699 1382 2772 relotypiae
1401 2698 1585 2770 dominantur,
1604 2699 1679 2771 quod

60 2793 106 2844 cst
117 2789 238 2861 perfecte
250 2789 327 2860 sequi
341 2788 477 2845 virtutem
521 2790 575 2855 Qui
589 2790 641 2846 boe
654 2789 689 2846 de
702 2807 732 2846 se
745 2793 847 2846 norunt
896 2795 1023 2865 reputent
1039 2787 1108 2845 nihil
1135 2788 1211 2859 adiu
1228 2788 1370 2860 acquisitio
1394 2803 1412 2843 a
1432 2804 1462 2843 se
1479 2804 1537 2844 non
1561 2787 1679 2861 pendeat

60 2875 91 2934 et
102 2875 237 2948 mtimt,
250 2875 292 2932 illi
305 2876 359 2933 sibi
373 2877 452 2934 facile
462 2879 632 2952 pennadent,
643 2878 764 2951 singulos
777 2878 847 2934 alios
898 2880 968 2936 tanti
986 2896 1053 2951 eme,
1072 2881 1104 2935 ut
1128 2879 1245 2934 multum
1269 2877 1368 2933 debeat
1386 2877 1524 2949 exoptari,
1550 2881 1578 2932 et
1598 2876 1679 2932 odio

60 2963 275 3022 pannardum
288 2964 323 3021 de
336 2982 366 3021 se
380 2966 448 3039 ipsis
462 2966 561 3023 sentire
576 2972 624 3023 aut
637 2967 737 3024 sentire
756 2985 845 3040 posse,
897 2985 961 3042 erga
978 2968 1101 3025 homines
1122 2966 1187 3038 quia
1207 2982 1301 3023 omnes
1321 2964 1480 3038 aestimant,
1509 2968 1538 3021 et
1558 2964 1677 3037 metui,

59 3053 194 3126 qunn'nm
212 3053 242 3109 in
260 3070 295 3110 eo
313 3053 384 3110 nihil
401 3058 452 3126 est,
472 3055 546 3127 qnod
564 3057 601 3112 ab
620 3055 676 3113 olio
692 3060 721 3112 et
739 3073 796 3112 non
810 3055 847 3112 ab
896 3057 970 3130 qnod
984 3056 1081 3113 fidncia
1098 3055 1226 3128 propriae
1243 3044 1352 3109 virtutis
1368 3054 1425 3109 sint
1438 3054 1533 3124 securi,
1552 3060 1581 3109 et
1595 3054 1677 3126 irae,

59 3141 129 3216 ipris
147 3141 274 3216 pardae
309 3142 411 3200 Idcirco
429 3144 566 3200 neminem
585 3160 715 3216 umquam
728 3149 848 3201 oontem-
897 3145 970 3219 quud
984 3145 1061 3218 parvi
1075 3144 1222 3216 pendentes
1235 3158 1409 3215 quaecunque
1423 3141 1543 3215 pendent
1556 3158 1592 3198 ex
1606 3141 1677 3213 aliis,

58 3235 129 3289 nent
140 3235 171 3288 ot
182 3229 236 3288 etsi
248 3230 360 3288 videant
374 3231 444 3287 alios
453 3232 596 3289 admittere
605 3233 766 3306 summme,
777 3248 847 3305 qnae
896 3250 1045 3306 numquam
1059 3236 1167 3289 tantum
1180 3231 1329 3288 oonoedant
1342 3231 1399 3286 suis
1417 3230 1587 3304 adversariis,
1602 3233 1634 3286 nt
1649 3247 1679 3285 se

58 3319 210 3376 mandunt
227 3335 322 3376 eormn
340 3320 567 3395 imbecillitatem,
590 3325 653 3377 sunt
672 3326 766 3378 umen
783 3339 846 3395 pro-
896 3323 932 3379 ab
946 3323 1002 3378 illis
1015 3324 1102 3378 laesos
1115 3323 1271 3394 agnoscant.
1297 3319 1422 3392 Denique
1434 3335 1584 3391 numquam
1597 3334 1678 3391 qnae·

58 3408 151 3465 nicias
164 3408 202 3464 ad
221 3424 270 3469 eos
288 3409 465 3480 cremandos,
485 3425 577 3482 quam
571 3411 744 3483 carpendos,
762 3416 791 3467 et
809 3410 845 3466 ad
895 3413 965 3469 relas
990 3411 1092 3467 dudunt
1116 3426 1203 3483 neque
1226 3408 1300 3465 enim
1325 3410 1442 3480 perfecte
1462 3412 1605 3465 contentus
1624 3411 1676 3479 est,

57 3496 234 3568 adamum,
249 3513 296 3553 eos
309 3497 400 3570 potius
414 3514 450 3553 ex
463 3498 578 3554 notitiae
591 3515 674 3571 quam
688 3500 777 3557 bonae
797 3516 845 3556 vo·
895 3500 942 3576 qui
956 3501 1038 3558 labet
1052 3498 1147 3572 adhuc,
1162 3499 1265 3572 dequo
1279 3501 1468 3619 conqueratur

58 3585 431 3661 mmmmm,
450 3591 479 3643 et
496 3602 624 3662 quamvis
643 3588 707 3646 alio
726 3588 845 3647 babeant
