3706 5828
228 325 260 387 X
862 321 1255 382 cannetalo.

171 477 174 480 ·
229 480 270 528 eo
291 454 612 550 magiffidetestantur.
656 453 740 522 Sunt
761 454 816 545 qui
836 455 944 547 magni
964 452 997 522 id
1018 457 1183 522 aestiment
1202 453 1365 535 momenti,
1387 452 1473 544 quod
1494 451 1666 523 Leibnitius
1687 450 1833 522 scholasti

228 595 288 641 cus
308 571 523 640 Nominalium
550 572 656 662 potius
679 591 776 660 quam
798 568 946 638 Realium
968 583 1073 663 partes
1100 580 1228 638 secutus
1255 571 1302 636 sit
1348 568 1427 650 Sed,
1455 571 1513 636 etsi
1539 593 1603 636 non
1625 572 1736 660 ignoro
1757 570 1789 636 in
1812 594 1853 637 et

228 711 326 780 quam
354 688 463 779 postea
488 687 651 777 professus
678 694 727 752 est
754 682 951 775 philosophia
978 684 1050 777 plus
1079 684 1273 777 cognationis
1300 707 1371 751 esse
1398 707 1474 751 cum
1496 683 1727 751 Nominalismo
1756 708 1818 776 qua

228 824 304 872 cum
325 799 494 882 Realismo,
515 810 622 868 tamen
644 797 729 890 quod
753 797 975 866 scholastiaans
996 799 1213 868 Nominalium
1235 808 1339 890 portes
1360 801 1467 880 tenuit,
1489 798 1564 866 nihil
1585 799 1746 890 portendit.
1782 801 1837 868 so·

228 914 302 985 licet
322 938 458 984 omnes
487 916 541 1006 qui
569 915 631 984 hoe
653 926 795 1005 tempore
817 913 1021 983 scholasticae
1043 912 1258 1006 philosophiae
1280 913 1491 982 adhaerebant
1512 914 1728 982 Nominalium
1752 925 1836 981 secta

228 1041 313 1099 tores
338 1032 435 1098 fuisse
460 1041 588 1098 constat
632 1030 758 1122 blajoris
778 1028 856 1096 mihi
882 1029 1006 1097 videtur
1026 1033 1179 1097 momenti
1208 1040 1480 1121 argumentum
1502 1027 1597 1121 hujus
1618 1029 1839 1099 dissertationis

228 1144 315 1236 quod
347 1156 469 1213 tantum
504 1147 588 1213 enim
622 1144 724 1227 abest,
758 1155 793 1212 ut
826 1167 903 1212 casu
931 1143 989 1212 sibi
1018 1147 1177 1226 sumserit,
1210 1155 1247 1211 ut
1273 1143 1390 1212 multos
1418 1154 1490 1235 post
1516 1167 1616 1212 annos
1643 1167 1719 1212 eum
1745 1143 1838 1211 videa

228 1281 302 1326 mus
324 1259 458 1328 eandem
486 1283 554 1328 rem
575 1261 792 1350 pensitantem.
825 1258 935 1326 Exstat
964 1261 1049 1326 enim
1072 1259 1261 1327 Hanoverae
1280 1262 1492 1350 fragmentum
1514 1258 1744 1351 autographum
1772 1280 1849 1325 ann

227 1372 473 1443 leCLXXVl.
495 1376 716 1466 conscriptum,
737 1376 860 1440 initium
875 1376 1039 1442 continens
1056 1375 1326 1442 commentationis
1339 1375 1520 1465 inscriptae:
1543 1373 1702 1441 bleditatio
1716 1372 1757 1439 de
1770 1375 1840 1462 prin

121 1522 123 1527 ·
226 1490 309 1578 cipio
330 1489 488 1558 individui.
535 1490 643 1576 Quae,
664 1491 723 1557 etsi
744 1491 786 1555 ita
808 1500 990 1581 comparata
1012 1499 1087 1571 erat,
1109 1499 1145 1556 ut
1164 1491 1263 1580 recipi
1284 1512 1303 1555 a
1325 1511 1378 1555 me
1399 1512 1463 1555 non
1484 1499 1601 1580 posset,
1621 1499 1738 1569 tamen,
1760 1510 1836 1576 qua

227 1626 325 1694 grave
346 1602 498 1673 Leihnitio
527 1603 588 1672 hoe
611 1613 833 1696 argumentum
855 1606 960 1671 visum
981 1607 1088 1686 fuerit,
1118 1607 1192 1670 satis
1221 1602 1321 1671 docet
1366 1603 1407 1671 Et
1435 1628 1510 1671 cum
1539 1614 1603 1672 tota
1626 1606 1694 1694 ejus
1715 1601 1838 1694 philoso

226 1717 300 1810 phia
320 1721 353 1790 in
374 1743 413 1787 eo
435 1722 535 1811 posita
556 1722 595 1786 sit
616 1729 654 1786 ut
674 1717 868 1809 singulorum
890 1721 1009 1787 entium
1031 1719 1202 1786 substantia
1224 1718 1371 1786 acvalor
1393 1723 1519 1805 (contra
1540 1719 1711 1809 Spinozam
1732 1717 1838 1802 potissi

225 1839 328 1921 mum)
350 1834 547 1918 defendatur,
568 1832 728 1901 Fannr.
742 1834 871 1900 Jacobio
894 1836 1060 1916 assentior,
1083 1836 1137 1925 qui
1159 1844 1267 1901 notatu
1287 1832 1318 1900 id
1341 1833 1472 1925 dignum
1494 1836 1623 1916 censuit,
1645 1833 1733 1925 quod
1752 1835 1845 1925 prim

226 1944 370 2016 Leibnitii
391 1952 516 2041 scriptio
537 1949 577 2016 de
599 1950 749 2041 principio
772 1948 923 2016 individui
945 1951 1051 2040 egerit
1207 2029 1209 2037 y

316 2061 351 2130 ll.
379 2063 622 2133 Dissertatio
652 2063 698 2131 de
728 2074 811 2131 arto
840 2063 1141 2145 combinatoria,
1167 2086 1249 2154 quae
1278 2085 1360 2130 anno
1382 2061 1592 2133 leCLXVl.
1613 2065 1752 2154 primum
1771 2061 1822 2131 edi

227 2177 313 2270 apud
334 2177 527 2246 Dutensium
548 2179 663 2271 legitur
684 2177 755 2247 Vol.
769 2177 805 2262 ll,
827 2180 863 2247 P.
878 2177 900 2246 l·
923 2203 954 2270 p.
976 2183 1053 2248 341.
1078 2215 1118 2227 -
1143 2178 1228 2246 Οιιιιι
1249 2178 1329 2247 haec
1351 2179 1523 2248 dissertatio
1544 2202 1608 2247 non
1630 2178 1734 2247 solum
1756 2178 1834 2246 arith

225 2293 341 2362 metica
363 2295 410 2376 sit,
433 2293 543 2362 sedin
566 2317 604 2361 ea
627 2292 766 2361 calculus
788 2294 1031 2362 combinatorius
1053 2293 1092 2360 ad
1115 2305 1300 2386 argumenta
1321 2297 1416 2361 etiarn
1437 2293 1539 2386 logica
1560 2291 1755 2377 adhibeatur,
1776 2316 1845 2360 cuo

226 2431 321 2500 porro
343 2409 376 2476 in
397 2431 514 2501 magno
536 2407 589 2477 illo
612 2407 651 2476 de
673 2411 800 2477 scientia
823 2407 960 2501 generali
983 2432 1094 2500 opere,
1123 2408 1208 2500 quod
1230 2421 1340 2502 postea
1360 2420 1468 2478 noster
1488 2408 1666 2491 moliretur,
1692 2432 1743 2476 ars
1764 2430 1837 2477 com

226 2518 379 2591 birratoria
402 2548 498 2591 suum
520 2533 628 2592 tenere
649 2523 777 2592 deberet
797 2522 919 2608 locum,
949 2522 1218 2591 adnumerandam
1240 2547 1312 2592 eam
1334 2549 1405 2593 esse
1425 2524 1510 2591 libris
1530 2523 1754 2617 philosophicis
1774 2546 1851 2592 cen-

225 2640 286 2705 sui.
327 2638 452 2706 Pn'mas
472 2638 567 2731 hujus
588 2639 809 2707 dissertationis
830 2637 973 2729 plagulas
994 2638 1053 2705 sub
1074 2637 1162 2705 titulo
1184 2638 1406 2707 dissertationis
1427 2640 1637 2708 arithmeticae
1659 2651 1750 2706 antea
1774 2642 1852 2731 jam,

225 2772 285 2841 pro
305 2749 377 2820 loco
399 2756 432 2821 in
451 2753 598 2821 facultate
619 2752 835 2844 philosophica
857 2753 1033 2835 obtinendo,
1056 2751 1194 2821 ediderat
1215 2751 1396 2822 Leibnitius.
1425 2755 1465 2824 V.
1488 2777 1571 2847 quae
1592 2755 1632 2824 de
1652 2754 1713 2823 bac
1733 2778 1769 2824 re
1789 2776 1851 2822 no·

225 2867 362 2934 terimus
381 2868 414 2936 in
434 2879 542 2937 nostra
563 2867 696 2936 editione
717 2893 746 2961 p.
771 2872 822 2935 11.

312 2980 361 3049 ΠΙ.
378 2982 585 3051 Confessio
599 2994 766 3053 naturae
788 2995 924 3052 contra
945 2981 1164 3066 Atheistas,
1194 2986 1331 3053 continet
1349 2986 1509 3078 specimen
1533 2983 1766 3053 demonstrandi
1781 2986 1851 3053 exi·

225 3098 371 3166 stentiam
398 3096 462 3164 Dei
490 3099 649 3190 animique
674 3098 945 3167 immortalitatem.
992 3098 1099 3184 Quam
1127 3101 1372 3183 confessionem,
1406 3122 1487 3166 anno
1511 3098 1745 3168 leCLXVlIl.
1772 3122 1852 3168 con·

225 3213 390 3304 scriptam,
411 3212 585 3281 Dutensius
614 3214 761 3305 operibus
788 3211 972 3303 theologicis
994 3212 1192 3298 adnumerat;
1220 3237 1317 3305 quare
1338 3216 1371 3280 in
1393 3213 1552 3281 volumine
1573 3213 1595 3282 l.
1618 3218 1687 3307 ejus
1708 3215 1852 3284 editionis

224 3325 345 3420 legitur.
391 3327 502 3413 Quum
528 3352 605 3396 vero
633 3328 810 3421 theologiae
838 3325 997 3396 rationalis
1023 3338 1055 3396 et
1076 3327 1291 3421 philosophiae
1312 3352 1446 3420 regnum
1473 3328 1594 3397 difficile
1622 3333 1661 3397 sit
1686 3329 1842 3420 disjunctu

225 3465 365 3534 cumque
393 3445 462 3533 ipse
483 3441 655 3512 Leibnitius
681 3447 715 3512 in
743 3443 884 3534 subjecta
907 3442 1037 3531 epistola
1058 3444 1098 3511 ad
1121 3444 1330 3512 Thomasium
1352 3443 1432 3510 banc
1454 3442 1749 3512 demonstrationem
1769 3456 1836 3512 tam

225 3579 323 3648 quam
350 3558 448 3625 solitis
475 3560 699 3627 accuratiorem
727 3563 813 3640 citet,
842 3556 1041 3625 inserendam
1068 3581 1141 3625 eam
1163 3557 1337 3626 collectioni
1358 3561 1459 3626 statui.
1503 3559 1571 3627 Etsi
1590 3559 1762 3628 Leibnitius
1781 3563 1852 3651 ipse

225 3671 325 3757 dolet,
355 3674 460 3765 ·quod
480 3674 720 3743 mendosissime
740 3674 817 3741 illud
841 3673 990 3741 schedion
1011 3675 1202 3764 impressum
1224 3685 1280 3741 est.
1323 3673 1467 3764 lnprimis
1488 3678 1599 3743 sorites
1619 3674 1681 3759 ille,
1705 3700 1767 3767 quo
1781 3675 1849 3745 <de-

227 3799 422 3857 monstrare
444 3801 575 3858 conatus
598 3814 670 3858 sum
692 3787 957 3857 immortalitatem
980 3789 1090 3872 animi,
1117 3791 1244 3856 mutatis
1264 3788 1418 3858 linearum
1439 3790 1605 3859 initialibus
1623 3788 1706 3859 'mire
1726 3801 1851 3884 pertur-

229 3899 339 3968 ·batus
362 3914 437 3985 est,«
458 3944 498 3956 -
517 3915 624 3973 tamen
651 3929 716 3973 non
737 3905 825 3995 potui
848 3905 923 3994 quin
946 3903 1127 3972 exhiberem
1148 3906 1238 3971 sicuti
1259 3904 1290 3971 in
1312 3905 1439 3997 Spizelii
1455 3904 1595 3998 Epistola
1617 3906 1657 3974 ad
1679 3905 1750 3974 Ant
1772 3905 1851 3974 Rei·

225 4037 333 4083 serum
355 4015 395 4084 de
417 4018 603 4088 eradicando
626 4020 786 4089 Atbeismo
808 4019 889 4110 Aug.
912 4018 1035 4088 Vindel.
1059 4019 1154 4090 1669.
1175 4018 1296 4110 legitur.
1341 4021 1490 4112 Sequitur

314 4129 366 4200 lV.
390 4132 567 4223 Epistola
595 4136 640 4203 ad
668 4135 939 4217 Thomasium,
974 4159 1056 4203 anno
1085 4133 1297 4202 MDCLXlX.
1330 4137 1505 4226 conscripta
1533 4143 1565 4201 et
1597 4137 1741 4226 sequenti
1767 4158 1851 4205 anno

225 4268 302 4315 cum
316 4244 459 4315 Leibnitii
473 4248 607 4318 editione
621 4249 735 4318 Nizotii
750 4251 887 4340 primum
902 4249 992 4316 edita.
1013 4250 1189 4318 Dutensius
1204 4251 1233 4317 ei
1245 4248 1352 4316 locum
1367 4249 1450 4318 dedit
1462 4252 1495 4317 in
1508 4248 1580 4318 Vol.
1595 4248 1648 4318 lV.
1671 4272 1701 4339 p.
1718 4255 1748 4318 7.
1764 4273 1852 4343 seqq.

226 4360 267 4431 At
294 4363 364 4452 quis
391 4363 512 4430 dubitet
538 4366 613 4455 quin
639 4363 747 4432 locum
768 4363 819 4431 hic
840 4366 952 4431 merita
973 4367 1021 4448 sit,
1043 4389 1119 4433 eum
1140 4375 1205 4432 tam
1227 4362 1311 4432 clare
1333 4365 1410 4456 quid
1424 4365 1463 4434 de
1477 4364 1604 4433 historia
1619 4364 1843 4457 Philosophiae

154 4564 156 4568 ,
226 4474 302 4567 quid
323 4474 363 4543 de
376 4475 575 4569 Philosophis
596 4482 730 4570 antiquis
751 4489 857 4547 noster
879 4481 1022 4562 senserit,
1044 4479 1164 4548 doceat.

316 4590 357 4659 V.
378 4592 615 4662 Dissertatio
638 4594 683 4662 de
705 4594 806 4684 stylo
828 4592 1109 4687 philosophico
1131 4593 1296 4678 Nizolii,
1319 4617 1416 4686 quam
1437 4616 1502 4662 una
1521 4595 1851 4687 cumepistolamodo

225 4703 352 4775 laudata
372 4708 406 4775 in
426 4711 675 4800 praefatione
703 4711 806 4801 operis
827 4707 964 4802 legimus
986 4731 1069 4777 anno
1090 4708 1290 4777 MDCLXX.
1313 4710 1399 4778 editi:
1445 4710 1534 4778 blarii
1561 4710 1675 4779 Nizolii
1701 4709 1740 4778 de
1767 4735 1809 4779 ve
1841 4744 1845 4750 ·

225 4823 383 4914 principiis
411 4834 443 4892 et
468 4848 544 4893 vera
570 4827 691 4894 ratione
711 4823 951 4916 philosophandi
976 4835 1085 4893 contra
1106 4823 1436 4918 Pseudophilosophos
1456 4825 1524 4893 libn'
1544 4827 1600 4911 lV,
1621 4828 1759 4919 inscripti
1778 4825 1851 4894 illu·

226 4938 378 5005 strissimo
399 4939 516 5008 Baroni
538 4964 557 5008 a
578 4940 761 5032 Boineburg
782 4939 821 5007 ab
843 4938 962 5008 editore
985 4941 1023 5009 G.
1040 4939 1077 5006 G.
1091 4938 1127 5006 L.
1142 4938 1179 5006 L.
1201 4940 1342 5008 Francof.
1365 4943 1461 5012 1670.
1485 4945 1515 5010 4.
1538 4982 1582 4993 -
1605 4941 1730 5010 ‘litulus
1752 4965 1850 5033 quem

225 5050 417 5123 Jaueourtus
439 5056 525 5123 citat:
568 5055 793 5126 Antibarbarus
811 5052 1047 5148 philosophicus
1068 5065 1136 5140 etc,
1158 5080 1222 5148 quo
1244 5055 1323 5125 liber
1339 5054 1454 5124 Nizolii
1472 5059 1641 5126 instructus
1662 5068 1729 5126 erat
1751 5082 1795 5149 qu
1837 5087 1843 5117 ι
