3706 5828
114 311 203 373 xxn
691 288 702 306 ”
745 307 1140 369 esacrarro.

116 439 261 538 produnt.
306 442 419 512 Addidi
446 441 520 511 huic
542 439 691 555 epistolae
712 451 860 533 excerpta
882 439 1038 543 quaedam
1063 463 1104 508 ex
1125 437 1263 531 epistolis
1283 439 1324 507 ad
1343 439 1559 509 Bemoulbum
1580 439 1661 509 datis
1682 440 1755 532 qui

117 562 177 630 bus
200 562 300 629 amico
322 559 542 627 blathematieo
565 560 740 626 accuratius
761 555 896 648 explicat
918 557 1066 648 principia
1091 578 1150 623 sua
1172 554 1212 622 de
1233 579 1307 623 vera
1327 557 1442 623 virium
1461 557 1687 625 aestimatione.

206 673 292 741 ΗΧ
320 673 542 743 Nouveaux
569 675 694 741 essais
723 694 789 741 sur
815 671 1128 741 I'entendement
1148 669 1309 739 humain
1339 694 1410 762 par
1431 671 1601 739 l'auteur
1621 670 1671 739 du
1691 693 1754 761 sy·

76 804 81 814 “
119 792 242 858 stirme
266 789 311 857 de
333 788 561 856 l'harmonie
583 785 818 878 preetablie,
841 786 954 877 quibus
977 784 1254 878 edendis‘llaspius
1276 788 1395 877 optime
1416 788 1455 854 de
1469 785 1662 880 philosophia
1682 808 1753 854 me·

119 907 190 975 ruit.
224 903 318 990 Quod
340 904 486 970 meritum
507 900 604 994 pluris
618 903 713 969 etiam
736 902 916 970 aestimabis
938 924 1014 968 cum
1029 899 1143 968 videris
1165 901 1396 994 autographum
1409 901 1552 969 Leibnitii
1571 912 1638 971 tam
1650 901 1756 994 parvis

103 947 210 1113 lsaepe
239 1019 336 1087 literis
368 1019 578 1110 conscriptum
617 1026 649 1083 et
685 1016 927 1083 correctionibus
966 1015 1045 1083 adeo
1092 1015 1255 1084 abundans
1300 1027 1337 1083 ut
1374 1016 1549 1109 perdifficile
1583 1019 1624 1084 sit
1657 1014 1755 1087 lectu.

117 1136 188 1204 Hoc
205 1158 284 1227 opus
300 1133 511 1224 conscriptum
527 1155 596 1199 esse
612 1154 695 1198 anno
713 1130 890 1213 leCClV,
916 1130 1113 1223 (typothetae
1130 1155 1235 1199 errore
1250 1133 1283 1200 in
1298 1142 1405 1199 nostra
1421 1131 1555 1201 editione
1570 1133 1756 1224 inscriptum

118 1261 167 1318 est
190 1253 293 1336 1703)
315 1246 405 1316 facile
425 1246 631 1315 demonstrari
651 1257 764 1338 potest
798 1247 912 1316 Scribit
921 1244 1092 1317 Leibnitius
1107 1246 1284 1315 Remondio
1305 1250 1347 1314 ita
1359 1249 1400 1333 (v.
1412 1249 1527 1339 pros.
1548 1246 1754 1317 nostraeedi-

117 1366 235 1446 lienisl:
272 1362 317 1430 -ll
338 1361 405 1449 (ttr.
427 1361 578 1453 Hugony)
600 1385 618 1427 a
641 1385 685 1428 vu
707 1363 793 1429 aussi
813 1384 883 1430 mes
905 1363 1070 1430 reflexione
1093 1386 1182 1429 assez
1204 1361 1355 1430 ctendues
1377 1385 1432 1429 sur
1451 1360 1612 1454 l'ouvrage
1633 1361 1755 1432 debir.

121 1476 246 1547 ‚Locke
268 1481 322 1571 qui
344 1479 433 1546 truite
455 1476 495 1544 de
516 1474 759 1544 l'entendement
780 1476 820 1543 de
841 1474 999 1544 l'homme.
1032 1477 1111 1545 blais
1131 1480 1164 1569 je
1185 1499 1236 1544 me
1251 1478 1316 1543 suis
1338 1476 1473 1568 degobte'
1495 1478 1535 1545 de
1556 1475 1676 1569 publier
1697 1475 1756 1545 des

121 1595 321 1662 ‚re'lutations
335 1592 390 1661 des
404 1603 533 1660 auteurs
547 1602 655 1672 morts,
677 1590 882 1682 quoiqu'elles
898 1591 1028 1660 dussent
1042 1591 1177 1684 paroitre
1192 1590 1305 1658 durant
1325 1588 1394 1659 leur
1407 1593 1458 1659 vie
1472 1602 1505 1660 et
1526 1592 1593 1661 itte
1607 1615 1755 1661 eommu-

121 1711 270 1799 ·niqudes
291 1709 310 1774 a
326 1732 388 1778 eux
401 1708 558 1789 memes„
573 1746 616 1757 —
636 1708 742 1796 itaque
757 1706 872 1774 indicat
886 1731 940 1773 eas
956 1706 1241 1776 animadversiones
1256 1709 1447 1798 conscriptas
1467 1717 1498 1775 et
1512 1708 1638 1776 editioni
1657 1708 1754 1776 desti·

112 1835 208 1898 natas
225 1825 322 1892 inisse
345 1834 417 1892 ante
427 1823 534 1891 Lockii
556 1821 685 1902 obitum,
705 1821 737 1889 id
760 1832 808 1889 est
830 1832 902 1889 ante
925 1821 1097 1891 aenou„
1120 1824 1193 1889 anni
1216 1820 1395 1889 MDCCIV.
1419 1823 1504 1889 Citat
1525 1847 1618 1914 porro
1637 1826 1671 1892 in
1692 1823 1756 1892 hoc

115 1964 211 2032 opere
230 1940 448 2007 meditationes
469 1960 543 2004 suas
565 1943 658 2020 (auno
671 1935 938 2006 leCLXXXlV
952 1940 1089 2029 primum
1111 1937 1220 2022 editas)
1243 1948 1407 2028 tamquam
1430 1949 1504 2005 ante
1525 1939 1632 2030 viginti
1654 1962 1756 2007 annos

117 2057 198 2147 typis
213 2076 385 2146 expressas,
406 2052 500 2144 quod,
514 2054 540 2119 si
552 2051 592 2118 ad
606 2054 758 2120 amussim
775 2055 918 2144 exigitur,
937 2076 1055 2120 annum
1072 2052 1240 2121 leCClV
1254 2052 1344 2120 nobis
1358 2053 1492 2145 praebet
1523 2053 1671 2145 Denique
1684 2053 1754 2122 Ha·

117 2193 253 2238 noverae
267 2167 330 2260 legi
344 2168 423 2236 duas
436 2167 577 2235 Leibnitii
592 2168 630 2235 ad
646 2168 831 2237 Cudwortbi
843 2169 939 2235 liliam
953 2167 1097 2235 blasham
1112 2168 1268 2260 epistolas,
1283 2192 1417 2260 quarum
1431 2171 1463 2236 in
1479 2193 1552 2250 una,
1574 2167 1602 2235 d
1616 2173 1668 2236 30.
1678 2171 1755 2237 Jun.

118 2287 206 2353 1704
228 2283 310 2366 data,
332 2307 367 2351 se
387 2306 473 2350 nunc
493 2283 597 2372 ipsum
619 2282 779 2351 elaborare
802 2286 1019 2351 annotationes
1040 2283 1189 2352 inLocbii
1211 2308 1300 2377 opus,
1320 2285 1353 2353 in
1375 2284 1471 2352 altera
1493 2283 1566 2353 t5.
1580 2282 1755 2367 Jot1705,

116 2399 176 2469 bas
196 2400 411 2468 annotationes
432 2400 589 2465 coniectas
610 2421 680 2466 esse
702 2400 816 2466 scribit
862 2399 984 2483 Quodsi
1011 2399 1172 2490 typotheta
1192 2423 1257 2467 non
1278 2400 1487 2466 commisisset
1507 2422 1643 2470 errorem
1661 2399 1755 2467 illum

118 2539 215 2609 supra
235 2515 288 2602 (ad
308 2515 375 2584 Are
396 2511 465 2580 XL.
487 2513 529 2600 b,)
550 2525 772 2597 memoratum,
792 2513 887 2581 finem
900 2514 1078 2583 Voluminis
1100 2515 1192 2606 primi
1212 2515 1335 2581 lecisset
1355 2512 1435 2582 haee
1456 2511 1637 2606 longissima
1656 2514 1753 2584 Leib-

119 2633 184 2699 nitii
206 2630 438 2710 commentatio,
462 2651 524 2720 qua
546 2629 874 2722 singulasEmpirismi
897 2653 992 2721 quem
1005 2638 1122 2697 vocant
1142 2631 1311 2696 sententias
1332 2640 1478 2698 accurate
1491 2632 1634 2722 pensitat,
1652 2612 1755 2723 iisqui

118 2768 211 2813 suam
233 2744 272 2813 de
293 2744 369 2811 ideis
390 2745 505 2810 innatis
528 2754 560 2810 et
582 2744 621 2812 de
643 2745 826 2812 sufficientia
848 2767 887 2812 ae
907 2743 1016 2811 valore
1037 2745 1152 2810 mentis
1173 2743 1347 2812 doctrinam
1369 2748 1503 2837 opponit.
1536 2745 1573 2815 In
1595 2744 1754 2816 volumine

117 2859 216 2928 altero
238 2860 357 2950 primm
385 2868 536 2925 tractatus
559 2868 624 2926 est:

176 3068 178 3074 Α
208 2973 278 3042 LX.
307 2972 636 3041 considerations
665 2997 730 3041 sur
755 2972 792 3041 le
822 2975 998 3065 principe
1025 2973 1156 3041 devie
1185 2985 1221 3040 et
1250 2998 1317 3043 sur
1344 2973 1400 3042 les
1428 2986 1590 3045 naturas
1610 2977 1752 3070 plasti-

94 3110 212 3184 'ques
241 3113 309 3183 par
334 3086 502 3155 I‘auteur
530 3086 574 3156 de
599 3087 829 3157 l’harmonie
855 3088 1085 3181 prietablie.
1135 3088 1284 3158 Prodiere
1312 3089 1373 3157 hae
1400 3090 1662 3160 considerationes
1687 3095 1751 3186 pri-

117 3228 207 3273 mum
227 3206 260 3272 in
281 3204 429 3295 Basnagii
450 3203 588 3271 Historia
608 3227 740 3295 operum
762 3203 926 3272 doctorum
948 3228 1030 3272 anno
1052 3203 1218 3272 bIDCCV.
1240 3204 1376 3295 indeque
1397 3206 1586 3276 aDutensio
1607 3187 1753 3300 receptae

74 3403 76 3406 Ι
116 3332 198 3395 sunt
243 3319 336 3404 Quae
357 3343 394 3386 eo
424 3319 550 3409 majoris
576 3329 651 3386 sunt
677 3322 845 3402 momenti,
874 3319 959 3411 quod
980 3323 1149 3387 sententias
1172 3329 1313 3412 spectant
1334 3322 1393 3387 viri
1419 3345 1494 3389 eum
1516 3346 1580 3413 quo
1602 3347 1753 3415 magnam

117 3436 343 3506 sententiarum
358 3437 578 3526 cognationem
592 3436 659 3527 ipse
673 3434 844 3502 Leibnitius
859 3459 953 3528 saepe
972 3435 1141 3527 profitetur.
1173 3434 1381 3503 Indicavimus
1403 3461 1496 3528 supra
1519 3437 1571 3526 (ad
1592 3449 1649 3506 art.
1670 3440 1751 3527 LV.)

117 3549 289 3619 mirabilem
315 3551 540 3617 sententiarum
569 3548 800 3616 similitudinem
828 3552 908 3617 inter
928 3551 1072 3618 Leibnitii
1100 3562 1132 3617 et
1154 3550 1339 3618 Cudwortbi
1360 3554 1513 3620 rationem
1536 3552 1671 3622 Cartesii
1698 3580 1750 3623 ar·

116 3675 303 3758 gementum
325 3664 537 3755 ontologicum
558 3663 741 3755 corrigendi.

204 3778 284 3848 LIII.
312 3779 547 3847 Observatio
576 3777 623 3845 ad
644 3780 923 3848 recensionem
951 3779 1042 3849 libri
1071 3780 1116 3848 dc
1139 3779 1233 3847 lidei
1261 3793 1298 3848 et
1320 3784 1484 3851 rationis
1511 3806 1710 3853 consensu
1731 3811 1752 3854 a

117 3893 272 3963 domino
298 3892 510 3985 Jaqueloto
538 3893 649 3976 editi,
678 3918 808 3963 mense
830 3895 996 3964 Octobri
1023 3900 1111 3965 1704
1138 3900 1290 3964 laetam.
1335 3899 1443 3984 Quum
1469 3901 1502 3966 in
1520 3897 1574 3966 illa
1595 3901 1753 3991 Jaqueloti

117 4007 185 4077 libri
207 4031 339 4075 censura
360 4010 477 4077 mentio
504 4011 585 4076 lacta
607 4020 692 4078 esset
718 4013 898 4100 systematis
916 4010 1113 4093 'Leibnitiani
1135 4013 1202 4102 ipse
1224 4021 1331 4079 noster
1351 4010 1412 4081 bac
1434 4013 1650 4082 observatione
1672 4016 1750 4084 deli-

116 4124 183 4193 nire
205 4121 304 4189 voluit
326 4124 396 4213 quis
417 4147 600 4206 consensus,
624 4127 693 4215 quis
715 4124 874 4193 dissensus
895 4127 1101 4217 interipsum
1124 4136 1155 4194 et
1175 4125 1379 4214 Jaquelotum
1402 4138 1492 4194 esset.
1526 4128 1681 4220 Evulgata
1702 4142 1752 4198 est

117 4238 198 4309 haee
220 4238 397 4310 observatio
420 4240 451 4305 in
472 4239 540 4305 Aet
563 4237 658 4307 Erud.
681 4238 764 4331 Lips.
787 4244 824 4308 ai.
848 4244 945 4322 1705,
966 4264 1004 4309 ac
1026 4252 1136 4333 postea
1158 4240 1304 4306 Dutensii
1325 4239 1449 4309 editioni
1467 4245 1592 4309 inserta.

207 4351 304 4420 LXII.
332 4353 385 4420 Ad
408 4353 786 4423 reverendissimum
808 4356 967 4424 Patrem
988 4357 1069 4424 Des
1091 4358 1234 4424 Bosses
1262 4354 1455 4446 epistolae
1483 4368 1579 4425 octo.
1624 4359 1751 4449 Optime

117 4470 231 4538 meruit
252 4468 434 4548 Dutensius,
456 4466 541 4556 quod
562 4470 680 4559 primus
702 4468 759 4537 has
781 4469 923 4538 Leibnitii
944 4471 1090 4562 epistolas
1112 4467 1277 4559 evulgavit.
1325 4469 1571 4562 Comparaverat
1591 4474 1621 4539 ei
1644 4474 1749 4541 Gobe·

118 4593 170 4651 tus
192 4583 387 4674 septuaginta
409 4579 552 4650 Leibnitii
579 4583 619 4649 ad
641 4584 768 4652 Patrem
790 4584 858 4653 Des
879 4587 996 4654 Bosses
1024 4584 1185 4677 epistolas,
1212 4608 1291 4674 quas
1318 4588 1350 4652 in
1371 4586 1562 4655 Bibliotheca
1583 4588 1751 4657 Parisiensi

118 4707 284 4790 repererat.
319 4697 462 4781 Quamm
478 4701 600 4788 triginta
621 4698 809 4768 inDutensii
825 4700 959 4769 editione
979 4703 1059 4768 inter
1080 4724 1174 4792 opera
1195 4699 1405 4792 philosophica
1425 4699 1576 4770 collocata
1597 4705 1629 4772 in
1644 4703 1749 4774 Tomo

117 4813 271 4894 secundo,
298 4822 421 4880 ceterae
443 4815 475 4880 in
499 4813 603 4881 Temo
630 4823 718 4881 sexto
740 4812 897 4906 leguntur.
928 4818 1030 4903 =Quas
1057 4817 1127 4884 ideo
1154 4818 1353 4908 potissimum
1381 4819 1595 4885 erustimamus
1621 4822 1750 4887 maximi

43 4951 45 4955 ·
120 4930 271 4997 momenti
293 4951 373 5010 esse,
395 4928 479 5019 quod
500 4929 590 4997 nobis
613 4951 651 4996 ex
673 4929 710 4995 iis
733 4927 866 5013 eluceat,
889 4931 1048 5023 quomodo
1069 4929 1241 4998 Leibnitius
1262 4932 1423 5015 studuerit,
1445 4942 1481 5000 ut
1502 4935 1678 5022 systematis
1700 4937 1749 5004 sui

119 5067 194 5114 cum
216 5042 623 5137 philosoplis-Scholastica
644 5066 816 5113 consensus
842 5056 897 5113 aut
919 5045 1078 5115 dissemm
1104 5048 1137 5114 in
1158 5045 1262 5114 lucem
1284 5047 1428 5139 prodeat,
1454 5058 1486 5117 et
1512 5057 1548 5115 ut
1573 5070 1750 5139 congruum

118 5159 267 5231 reddatur
288 5180 363 5228 eum
385 5155 444 5227 lide
465 5157 625 5228 catholica.
657 5159 732 5244 Qua
751 5162 785 5231 in
805 5184 841 5230 re
862 5184 988 5232 summa
1002 5184 1098 5254 opera
1118 5160 1271 5233 laboranti
1284 5161 1439 5233 interdum
1460 5163 1492 5231 id
1506 5166 1622 5234 mirum
1636 5168 1749 5248 everrit,
