3706 5828
170 376 238 445 740
597 380 706 441 -XGVL
744 382 798 439 AD
819 380 888 439 DFS
910 380 1037 440 BOffiES
1058 378 1237 439 sarstono
1260 378 1359 438 XXX.

171 540 272 599 nempe
283 522 440 597 compositi,
462 526 503 579 est
517 523 593 579 enirn
608 522 679 597 ipsa,
701 526 733 579 ut
746 522 787 579 sie
801 522 899 595 (tieem,
914 538 964 597 po-
1048 521 1082 577 ln
1101 526 1151 577 tuo
1171 520 1287 577 arbitrio
1306 524 1362 596 est,
1384 518 1534 577 vinculum
1552 491 1808 593 realisanoouups¹

171 615 257 671 tentia
271 612 379 686 passiva
393 611 546 684 compositi.
577 612 629 667 Sed
645 612 693 683 ita,
708 610 825 685 inquies,
839 612 964 668 extensio
1006 608 1069 683 sita,
1084 610 1224 683 appellare
1238 608 1351 665 modum
1364 606 1598 665 substantialem.
1622 606 1682 663 Sed
1693 612 1793 665 tuaene

170 703 223 761 erit
236 702 401 775 principium
415 700 593 755 resistenttae.
618 700 678 769 sego
693 716 759 755 vero
772 714 845 773 nego
859 700 910 755 hoe
923 715 963 755 se·
1005 698 1073 754 dum
1091 712 1207 769 nsurpm
1225 696 1283 753 alio
1301 712 1398 769 sensu,
1421 712 1511 768 quam
1534 694 1683 751 solesnns.
1719 696 1793 753 llernr

170 790 227 863 qui,
241 789 368 845 extensio
383 788 458 843 enirn
469 788 628 857 longissima
639 787 964 861 differtapotentiapas·
1004 784 1079 841 enim
1098 784 1267 842 snbstantias
1285 784 1456 857 compositae
1477 782 1564 840 basis
1585 784 1654 841 erit.
1700 782 1749 839 Sed
1762 784 1792 840 in

169 894 238 951 srva,
252 892 316 933 enm
329 876 399 931 nihil
413 876 467 932 nisi
482 876 566 932 situm
581 875 720 948 exprimat
733 874 801 949 ejas,
815 874 890 947 qnod
903 874 962 943 iam
1004 873 1103 930 modus
1116 877 1160 929 est
1173 890 1217 929 res
1230 870 1372 945 durabilis,
1386 888 1443 929 non
1454 870 1644 929 moditieatio
1655 876 1793 945 quaeue

169 964 321 1039 potentiam
335 965 473 1036 passivam
486 962 577 1019 habet.
610 963 652 1019 lta
666 962 781 1019 marlida
796 962 887 1019 dieem
900 978 963 1035 pos-
1004 966 1058 1033 tur,
1073 965 1102 1018 ot
1116 961 1196 1034 perit.
1218 958 1281 1017 Nou
1290 963 1382 1017 taumn
1392 964 1435 1015 est
1449 958 1561 1017 modus
1572 958 1743 1033 ιιιοιιιιιιιιιι,
1753 964 1793 1033 qi

169 1068 245 1126 suro,
266 1052 335 1108 nihil
349 1068 409 1107 esse
429 1052 458 1107 in
477 1050 680 1121 objectionibus
695 1050 756 1105 istis
770 1050 844 1123 quod
858 1064 962 1106 mame·
982 1090 985 1117 ,
1003 1049 1173 1121 sinoponus,
1188 1048 1248 1104 sire
1257 1048 1349 1121 tollas,
1362 1046 1431 1106 nihil
1445 1047 1475 1103 in
1490 1046 1680 1105 mondino·
1694 1054 1793 1105 mutu.

169 1142 225 1199 rari
239 1157 319 1214 posse
332 1140 466 1196 videntur.
500 1140 536 1195 Et
549 1156 586 1195 ex
600 1139 724 1209 adroso,
740 1154 796 1195 non
810 1138 903 1195 vidore
917 1154 962 1195 nra
981 1122 985 1201 Ι
1046 1136 1112 1193 Νοιι
1125 1136 1188 1193 dieo
1207 1136 1280 1191 inter
1293 1135 1453 1207 materiam,
1474 1140 1504 1191 tt
1527 1138 1665 1194 summm
1685 1136 1746 1193 dari
1761 1152 1794 1193 ι

168 1228 309 1301 quomodo
330 1228 483 1284 substantia
502 1242 573 1284 nova
594 1226 746 1282 formaliter
767 1228 886 1299 oriatrn,
907 1226 961 1283 nisi
982 1222 985 1273 ἵ
1003 1224 1081 1280 dium
1095 1224 1246 1296 vinculum
1267 1224 1317 1281 sed
1331 1224 1419 1297 ipsam
1431 1224 1597 1298 oompositi
1619 1224 1794 1283 onomat

169 1332 219 1390 per
232 1326 305 1373 no'sa
319 1316 453 1387 quaedam
468 1314 658 1371 substantialia
668 1313 810 1371 attributa.
833 1316 898 1371 tltea
911 1314 962 1385 igi-
982 1304 986 1383 ὶ
1004 1312 1177 1383 mundalem,
1196 1316 1224 1369 et
1243 1311 1386 1368 materiato
1405 1312 1528 1385 primm
1548 1328 1642 1371 seusu
1656 1312 1795 1369 ιιιιοιιιιι

168 1408 215 1461 tur
234 1404 359 1460 doctrina
379 1404 414 1459 de
432 1404 584 1460 substantia
604 1403 757 1476 composita
776 1401 884 1459 ridetur
902 1418 962 1458 essa
982 1408 987 1433 ¹
1004 1406 1138 1473 sumtum,
1153 1400 1182 1456 id
1197 1404 1240 1457 est
1253 1398 1404 1472 potentiam
1418 1398 1625 1475 mimitivam,
1639 1400 1796 1471 notissima

169 1490 229 1567 ipsa
247 1492 372 1549 doctrina
387 1492 500 1549 Schotao
514 1490 723 1563 Peripatetieae,
745 1490 799 1547 nisi
817 1490 891 1563 qnod
913 1490 961 1547 itta
981 1467 986 1549 l
1003 1503 1158 1561 paneam,
1178 1486 1232 1560 ipsi
1247 1487 1371 1559 viuerrto,
1391 1490 1530 1560 tauquam
1546 1490 1697 1547 mesaliae
1710 1506 1796 1563 eoqr

168 1580 300 1637 monades
314 1595 369 1635 uon
384 1579 505 1652 agnovit.
541 1578 593 1634 Sed
612 1579 662 1634 tras
675 1578 764 1652 sato,
784 1578 862 1635 nullo
876 1576 963 1651 ipsius
981 1584 984 1628 :
1003 1576 1049 1633 siti
1063 1577 1158 1632 inesse.
1191 1574 1306 1632 interim
1327 1574 1466 1631 rirreutorn
1487 1576 1545 1633 hoo
1567 1576 1796 1635 ιιιιιιιιιιὴιιιι

168 1666 309 1724 doetrinae
321 1667 495 1724 dmdmento.
517 1666 602 1725 Aliud
612 1665 757 1723 ‹tisernnen
768 1666 818 1723 vix
828 1666 960 1742 invenies,
981 1634 985 1779 ¹
1004 1664 1144 1736 turatiter,
1165 1678 1222 1718 riou
1242 1662 1425 1719 essentialiter
1446 1664 1601 1721 vineatum
1625 1670 1680 1722 est
1725 1666 1795 1737 Ειιι

168 1756 222 1812 etsi
235 1755 360 1813 animum
374 1753 508 1813 intendas.
980 1751 1078 1849 ,enim
1093 1750 1240 1895 manupae,
1260 1750 1309 1807 sed
1323 1752 1588 1897 ιιοιιἭιιιΙιιοιιι·
1603 1753 1797 1899 inem*

981 1840 1179 1913 pexisterapo
1220 1838 1514 1913 tsinemernins,
1598 1856 1653 1899 mo
1755 1842 1797 1898 ιιιι

486 1950 597 1963 -···-··
613 1952 642 1959 -·
982 1915 986 1959 ἶ
1004 1928 1074 2000 ipso.

1046 2014 1075 2071 Si
1088 2014 1223 2071 realizans
1236 2014 1424 2089 plnenomena
1441 2022 1699 2091 praesupponent
1715 2016 1797 2091 atiqit

304 2096 307 2103 “
415 2118 591 2178 Epffloffl
612 2120 711 2179 xxx·
1003 2108 1111 2175 praeter
1125 2102 1266 2173 monades,
1278 2102 1340 2172 jam
1353 2105 1544 2177 compositum
1561 2112 1644 2163 emet
1659 2106 1799 2163 mum

980 2200 984 2223 ⁸
1002 2196 1097 2249 eontra
1112 2190 1285 2264 hypothesin.
1313 2189 1448 2263 Quicquid
1461 2194 1569 2249 existit
1590 2200 1710 2269 praeter*
1722 2195 1800 2251 liun-

189 2260 499 2319 Revereudissime
513 2264 623 2336 pater,
646 2264 766 2319 tantor
785 2260 937 2319 honora·
1002 2279 1064 2352 (ιω,
1080 2283 1109 2337 ,t
1122 2278 1276 2335 pqomdum
1291 2277 1529 2355 modffifflqm,
1551 2282 1724 2340 mpmfl,
1736 2282 1801 2357 μ

489 2366 639 2423 tissime.
1002 2365 1334 2424 immenaeonseotsrinm
1347 2372 1398 2425 eat.

980 2442 983 2483 :
1046 2456 1138 2511 Etiam
1152 2470 1234 2511 verae
1246 2454 1415 2512 substantiae
1427 2457 1614 2529 compositae
1628 2474 1690 2515 non
1703 2458 1804 2533 §gnua

210 2540 259 2598 Uti
274 2541 304 2597 in
317 2540 477 2597 Geonretria
497 2540 635 2597 interdum
648 2540 798 2614 eontingit,
818 2546 850 2598 ut
869 2556 905 2597 ox
924 2556 959 2597 eo
978 2570 982 2625 ς
1002 2547 1062 2617 ιιι,
1078 2543 1131 2598 nisi
1146 2542 1183 2599 ad
1197 2558 1322 2615 sermons
1336 2558 1416 2615 nam,
1432 2546 1464 2599 nt
1478 2560 1570 2619 saepe
1586 2546 1669 2621 dixi,
1685 2564 1741 2603 non
1753 2552 1803 2603 ιιι

166 2629 229 2705 ipso
248 2629 322 2703 quod
340 2629 504 2701 supponitur
522 2628 625 2701 aliquid
647 2646 708 2685 ease
721 2630 875 2702 diversunt,
895 2630 960 2685 inde
978 2678 981 2687 .
1001 2635 1061 2687 tnm
1081 2630 1190 2703 anina,
1211 2630 1258 2687 sod
1279 2636 1307 2687 et
1325 2629 1428 2686 aninrat
1447 2636 1558 2689 manet.
1593 2634 1662 2691 Non
1676 2634 1804 2704 oriuntur,

166 2734 222 2776 raon
236 2717 446 2773 emeritensem
460 2722 655 2789 oonseqnatnr3
677 2717 713 2772 de
730 2733 788 2790 qno
801 2732 900 2788 genere
914 2733 959 2773 ra·
1002 2720 1044 2779 rel
1060 2718 1184 2776 ooeidunt
1196 2718 1250 2773 nisi
1259 2717 1476 2774 moditioationes
1491 2724 1523 2775 et
1538 2720 1594 2790 (ex
1606 2722 1803 2789 ιιιιιιιιιιιιιιιι)

166 2806 317 2864 tioeinandi
344 2804 419 2879 aprrd
450 2804 628 2861 Euclidem
661 2804 810 2876 aliqnando
838 2810 958 2880 reperto,
978 2824 981 2855 ε
1001 2812 1162 2878 aggregant
1186 2805 1216 2860 id
1230 2810 1272 2861 est
1285 2805 1436 2862 aoeidentia
1451 2807 1499 2864 rel
1516 2808 1593 2865 entia
1606 2826 1658 2882 per
1669 2810 1803 2865 aerim

165 2894 358 2966 cardauus,
380 2894 536 2966 clarius,
557 2893 658 2965 otiique
676 2909 770 2963 egeres
800 2894 842 2949 lta
857 2892 880 2947 si
896 2895 958 2966 quis
978 2886 981 2933 Ι
1044 2896 1083 2950 At
1098 2894 1205 2949 ratione
1219 2908 1310 2949 rernm
1326 2886 1422 2968 (etiam
1433 2894 1497 2949 sine
1509 2905 1636 2970 resptetu
1649 2896 1802 2969 alsapitn-

165 2981 264 3055 tingat,
284 2982 416 3037 mundum
430 2984 553 3037 creatum
567 2980 751 3051 mirantidus,
768 2982 887 3053 reperiet
900 2998 957 3037 non
977 2971 981 3025 ἶ
1000 2981 1068 3037 tiam
1083 2974 1221 3057 divinam)
1231 2980 1401 3053 judiearnns,
1422 2998 1474 3038 nes
1496 3000 1557 3041 non
1580 2984 1659 3041 solos
1678 2986 1804 3051 existere,

164 3084 224 3125 eme
239 3070 341 3125 laetum
355 3068 450 3139 eitius3
465 3068 530 3140 quio
545 3074 653 3141 tempus
667 3066 824 3123 absolutum
839 3082 896 3122 non
910 3069 958 3125 do·
978 3084 982 3154 j
1000 3069 1066 3141 qnia
1086 3070 1161 3126 nulla
1180 3071 1296 3141 apparat
1314 3068 1452 3142 privilegii
1471 3086 1530 3142 pro
1550 3088 1612 3129 nno
1634 3073 1718 3129 ratio.
1752 3072 1805 3128 Nor

162 3159 223 3228 tur,
245 3156 292 3211 sed
312 3156 381 3211 nihil
399 3156 475 3211 nlind
494 3160 536 3211 est
555 3159 637 3226 qnam
659 3156 728 3210 ordo
748 3154 957 3211 successionum.
978 3200 981 3219 ,
1000 3155 1059 3229 ipse
1077 3157 1158 3212 aliter
1177 3157 1284 3212 rationu
1297 3157 1458 3213 convincere
1472 3160 1584 3231 poteris
1599 3160 1742 3233 aliquem,
1763 3160 1802 3231 qui

163 3244 268 3301 Fortem
283 3244 367 3300 inodo
381 3244 404 3297 si
420 3243 482 3314 quis
496 3243 595 3313 tingat,
614 3246 704 3297 totum
718 3242 882 3299 Universum
897 3243 957 3301 loeo
978 3264 981 3317 3
999 3244 1174 3301 contenderet
1194 3261 1225 3299 so
1244 3244 1336 3300 solnm
1354 3244 1486 3318 existere,
1511 3246 1589 3303 alios
1609 3264 1631 3305 a
1653 3266 1685 3305 se
1705 3256 1803 3305 tantun

163 3332 269 3389 moveri
284 3332 399 3387 serratis
415 3331 538 3385 omnium
559 3345 650 3385 rerum
670 3330 741 3386 inter
761 3346 791 3385 se
810 3331 956 3405 distantiis,
977 3328 980 3389 ξ
999 3334 1140 3388 somniari.
1185 3332 1239 3387 Sed
1261 3333 1334 3389 ratio
1355 3333 1437 3388 datur
1457 3333 1606 3407 privilegii
1630 3336 1803 3394 existentium
1846 3382 1848 3387 .

162 3420 232 3476 nilril
251 3424 343 3475 aetum
362 3419 430 3490 erit3
449 3418 514 3490 qnia
535 3418 654 3489 qratiam
675 3418 833 3475 ahsolutum
853 3420 957 3491 aliquid
977 3458 979 3467 ·
999 3436 1067 3493 prae.
1080 3436 1137 3477 non
1150 3420 1347 3492 existentibus,
1369 3436 1416 3475 seu
1435 3435 1485 3476 ent
1498 3436 1560 3479 nou
1575 3426 1682 3481 omnia
1697 3424 1803 3499 pomhi·

162 3507 355 3579 imaginarium
374 3511 431 3575 ost,
451 3511 480 3561 et
494 3506 562 3561 nilril
576 3505 602 3560 ei
617 3508 691 3561 reale
705 3506 791 3579 inest,
810 3522 895 3579 qnam
914 3508 956 3565 di·
976 3482 979 3551 ¹
999 3509 1037 3564 lio
1051 3508 1181 3565 existunt.
1211 3508 1353 3565 Caeterum
1372 3507 1423 3563 etsi
1444 3507 1543 3565 nullae
1562 3512 1726 3571 existerent
1737 3528 1803 3569 ereo·

163 3597 265 3653 stantia
283 3610 445 3668 eorporurn3
473 3592 580 3665 Verbo,
599 3598 664 3649 sunt
682 3594 804 3669 ordines,
828 3612 882 3652 non
904 3612 957 3653 res.
975 3582 979 3645 Ι
998 3602 1075 3653 tinae
1089 3600 1197 3670 promer
1209 3595 1412 3668 percipientem,
1426 3596 1496 3651 ordo
1511 3606 1672 3673 pereeptna
1686 3600 1803 3657 ostende·

161 3682 244 3740 'l'ales
258 3684 461 3756 suppositiones
475 3683 601 3737 oriuntur
614 3698 651 3735 ex
666 3683 742 3737 salsis
755 3682 830 3738 ideis.
860 3684 956 3755 ltaque
974 3706 978 3781 i
999 3690 1041 3739 rot
1055 3684 1218 3757 sapientiam
1232 3682 1365 3739 divinam.
1394 3684 1491 3755 ltaque
1504 3686 1604 3743 nullus
1620 3688 1671 3745 irie
1685 3690 1803 3749 dantus

161 3772 217 3827 nisi
231 3776 359 3827 aeternus
373 3771 410 3825 sit
424 3770 559 3843 mundns,
585 3784 746 3841 quoeunque
759 3774 884 3843 temporo
896 3788 957 3828 ooe·
974 3786 978 3867 p
998 3786 1156 3843 quanquam
1174 3771 1260 3826 etiam
1273 3770 1408 3842 sapientia
1421 3772 1496 3827 nal
1516 3789 1537 3828 a
1561 3774 1676 3849 priori,
1699 3794 1756 3833 non
1772 3792 1803 3831 ιι

161 3860 234 3932 pisse
247 3859 361 3932 dioatnr,
377 3858 490 3931 perinde
504 3862 560 3913 est:
576 3858 611 3911 lit
626 3858 676 3911 nisi
687 3858 738 3913 troo
749 3864 910 3932 statuamus,
926 3860 954 3915 in
974 3870 978 3935 j
997 3859 1057 3915 solo
1072 3860 1323 3932 pilraenomenornm
1338 3858 1435 3915 ordina
1444 3860 1594 3919 habeatur.
1621 3864 1671 3921 Ex
1682 3866 1804 3921 eumin.

161 3947 311 4002 alisrrrdnrn
327 3947 490 4017 incidemus,
515 3962 564 4000 nae
578 3944 729 4015 poterimus
743 3946 900 4001 satistaoere
912 3964 956 4003 ar·
974 3996 977 4001 ,
996 3948 1071 4019 quod
1084 3946 1271 4015 contingentia
1284 3947 1464 4019 reperiuntur,
1480 3950 1626 4019 reperitur
1643 3952 1706 4009 Eos
1720 3970 1803 4011 uma·

161 4032 306 4103 guentibos
325 4049 380 4107 pro
390 4021 552 4089 aeternitate
566 4031 675 4087 ltlnndi.
705 4032 866 4105 sequeretur
879 4035 954 4091 eninr
973 4012 977 4045 ¹
997 4036 1110 4107 ιιιιιιιιι,
1125 4035 1153 4089 id
1169 4034 1333 4107 nitelogon,
1349 4040 1381 4090 nt
1396 4035 1424 4089 in
1434 4035 1675 4097 'l'lreodieaea
1690 4040 1802 4099 ostenti.

162 4120 251 4175 Deum
265 4121 370 4193 aliquid
385 4128 494 4192 praeter
508 4121 644 4176 rationem
659 4122 761 4193 serisso,
777 4136 866 4194 neqm
879 4124 953 4178 eninr
973 4074 977 4187 ¹
995 4122 1024 4177 Si
1038 4138 1155 4194 eorpma
1169 4136 1246 4178 mera
1259 4126 1349 4179 meent
1362 4122 1566 4197 monomenta,
1590 4142 1655 4183 non
1678 4130 1744 4185 ideo
1756 4130 1802 4186 tat·

161 4208 292 4279 possibile
305 4214 346 4263 est
358 4208 493 4264 rationem
505 4208 574 4270 dari,
589 4207 669 4277 liujus
684 4210 776 4283 pitius
790 4224 873 4281 quma
887 4212 954 4265 alto-
973 4230 976 4259 ι
997 4211 1116 4266 lorentnr
1137 4225 1240 4266 sensns
1283 4210 1378 4281 Neque
1399 4210 1473 4264 enirn
1496 4226 1596 4269 senam
1618 4218 1802 4287 pronuntiant

161 4294 219 4351 rius
241 4296 371 4368 temporis
392 4297 520 4367 initialisr,
549 4312 612 4352 enin
633 4296 781 4352 discrimen
802 4297 889 4352 ullum
911 4314 954 4354 as-
996 4298 1099 4370 aliqnid
1120 4297 1256 4353 derebus
1275 4297 1475 4370 metaphysicis.
1505 4298 1650 4358 &nauum
1672 4304 1802 4359 maritas

161 4382 263 4454 signari
280 4399 336 4439 non
351 4384 446 4456 possit.
475 4386 530 4440 Sed
550 4401 586 4438 ex
606 4384 657 4439 lroo
672 4386 748 4457 ipso,
770 4384 845 4457 qnod
860 4385 954 4441 disert-
997 4386 1026 4441 in
1041 4402 1075 4441 oo
1089 4386 1221 4455 ιοιιιιειιι,
1237 4390 1268 4441 ut
1283 4385 1471 4457 ptraononrena
1485 4390 1669 4447 consentiant
1684 4392 1801 4459 interae,

161 4486 224 4526 men
239 4471 370 4540 assimrari
386 4488 441 4526 non
457 4479 555 4544 potest,
568 4471 663 4539 jmtieo
677 4474 760 4529 etiam
775 4471 880 4528 nullam
893 4490 954 4529 esse
997 4490 1085 4545 nequo
1099 4472 1267 4544 ‹leeipiamnr
1279 4470 1433 4545 eventibus,
1446 4472 1471 4527 si
1484 4472 1612 4531 rationes
1625 4480 1800 4550 experinun·

161 4558 355 4615 diremitatem.
377 4558 479 4619 ,Potuit
492 4576 559 4631 ergo
573 4560 654 4614 eitius
668 4562 734 4617 oriri
750 4558 883 4635 mundns,
903 4562 952 4617 sod
995 4562 1032 4617 tis
1046 4560 1229 4616 irmoditiratas
1243 4560 1331 4631 probo
1344 4574 1497 4631 sequamur.

161 4651 226 4705 tnnc
242 4646 401 4703 statuendus
415 4646 466 4701 erit
478 4652 614 4701 notemus.
1037 4647 1197 4705 διιιιιιιιιι
1210 4648 1267 4718 agit
1280 4652 1413 4720 qnantum
1427 4652 1529 4719 protest,
1543 4650 1603 4705 nisi
1613 4650 1795 4725 impediaturs

203 4734 352 4791 dilatoriam
372 4733 534 4789 naturaliter
552 4736 662 4801 exigere
680 4736 884 4807 extensionem,
910 4740 953 4791 est
995 4736 1144 4808 impertitur
1157 4740 1250 4791 antem
1264 4735 1349 4791 etiarn
1362 4734 1517 4791 substantia
1530 4736 1673 4813 simplex,
1688 4740 1735 4795 sed
1746 4754 1793 4793 aa·

159 4826 251 4895 partes
275 4824 334 4893 ejus
358 4822 521 4877 naturaliter
545 4822 655 4893 exigere
680 4828 752 4880 inter
775 4840 806 4879 se
825 4823 952 4881 ordinem
995 4822 1120 4879 turaliter
1138 4838 1195 4878 non
1217 4822 1270 4877 nisi
1292 4823 1402 4879 intusa
1422 4838 1452 4878 se
1466 4822 1534 4895 ipsa
1566 4826 1607 4881 Et
1618 4844 1683 4883 enm
1696 4826 1793 4883 dieitur

159 4912 336 4968 eoexistnrdi.
366 4912 412 4967 An
427 4910 478 4966 troo
492 4909 623 4979 negabis!
996 4926 1093 4966 monas
1105 4910 1143 4964 ab
1157 4910 1213 4964 alia
1228 4909 1371 4983 impertiri,
1393 4909 1446 4966 hoe
1465 4909 1680 4983 intelligendum
1697 4916 1740 4969 est
1759 4912 1796 4969 de

201 4998 243 5053 llo
259 5000 328 5072 ipso,
343 4998 410 5055 ‹lnrn
427 5002 526 5071 pumta
540 4996 580 5051 ita
594 4997 649 5053 sita
662 5002 810 5071 ponuntur,
830 5004 861 5055 nt
876 4999 953 5055 nulla
995 4998 1109 5053 alterins
1123 4998 1372 5068 repraesentatione
1390 4996 1420 5053 in
1433 4998 1504 5071 ipso.
1533 4998 1631 5059 Antor
1644 5018 1738 5059 rerum
1749 5018 1796 5057 em

156 5082 213 5139 dno
227 5086 298 5158 sint,
319 5088 391 5143 inter
405 5102 476 5161 quae
489 5102 546 5141 nou
560 5084 789 5159 domnaedium,
809 5086 891 5143 datur
904 5102 952 5141 ex·
994 5086 1049 5140 sibi
1059 5084 1176 5140 invicem
1187 5085 1415 5158 aoeornmodavit,
1428 5086 1514 5141 stara
1529 5088 1590 5157 pati
1600 5089 1717 5164 rtieitnr,
1732 5090 1796 5148 dum

156 5173 397 5231 tensioeontinna.
995 5171 1055 5241 ejus
1068 5171 1252 5229 comidemtio
1266 5172 1382 5229 atterius
1396 5172 1614 5233 oomidemtiuni
1626 5178 1712 5237 aedit.
