3706 5828
166 342 233 405 082
602 339 753 401 cxxxii
774 340 831 399 AD
850 337 920 399 DFS
942 338 1070 399 BOSSES
1090 337 1267 399 nt‘lsmna
1288 336 1358 399 XX

169 502 244 557 rme,
266 483 310 541 vel
322 480 474 539 Monades:
495 497 552 553 quo
565 493 637 537 casu'
650 481 736 537 etiam
757 481 849 538 onmis
862 496 961 537 crune-
978 482 982 563 ξ
1002 478 1170 554 procurasti,
1191 493 1276 551 quam
1296 478 1386 551 legere
1405 492 1490 549 erec,
1509 481 1539 534 et
1559 475 1644 550 quud
1666 490 1730 533 non
1749 490 1816 533 um

170 577 256 631 sceret
269 572 401 627 extinctio
418 570 512 642 realis,
527 568 629 625 nectum
643 573 745 643 nrotus,
759 570 838 640 cujus
851 570 963 625 realitas
978 574 982 661 j
1002 568 1082 625 ciosti
1096 572 1214 639 tantum,
1229 568 1277 623 sed
1291 572 1320 623 et
1333 566 1492 623 narratione
1504 558 1652 637 condigna
1668 564 1815 621 illnsmri

169 662 205 717 ad
224 676 314 714 meras
332 660 585 729 phaenomenorum
606 657 772 712 mutationes
785 656 982 731 redigeretur!
1006 654 1222 710 Eminentissimi
1242 654 1440 711 Ptolemaei
1460 654 1701 725 promotionem
1720 652 1815 707 enies

213 747 320 801 Vellem
350 744 451 816 aliquis
481 744 618 813 integrum
648 748 772 813 systema
800 744 819 799 J
824 743 962 799 ausenii
1004 745 1099 798 auimo
1119 742 1243 810 gratulor
1261 742 1359 797 litteris
1373 757 1443 815 quas
1463 742 1645 814 transmitto,
1667 744 1702 797 et
1721 744 1754 795 ut
1773 755 1815 795 cm

169 835 199 891 in
214 830 378 905 compendio
393 832 544 889 exhilaret.
573 830 685 902 Alioqui
700 830 812 887 diiiieilc
825 837 867 887 est
886 831 918 887 in
932 846 963 886 re
1004 828 1236 903 quemadmodum
1250 829 1391 901 obtulisti,
1406 844 1503 886 curare
1516 830 1602 901 velis,
1618 832 1707 903 pcto.

168 926 228 977 1001
250 921 395 992 perplexa,
422 919 458 973 dc
471 924 565 973 niente
578 917 639 986 cjm
664 924 738 973 recte
749 917 883 986 judicare.
927 917 964 973 Et
1049 916 1212 973 &aeficium
1237 918 1322 973 diam
1346 916 1463 988 tribuis,
1493 915 1561 973 dum
1590 918 1755 973 domorum
1783 930 1815 969 cx

169 1007 402 1081 quemadmodum
427 1022 465 1061 ex
489 1004 687 1075 Augustino
718 1006 800 1076 plene
824 1005 964 1061 contraria
1005 1020 1083 1061 sacra
1102 1004 1195 1061 ecbola
1215 1004 1340 1061 virorum
1358 1003 1506 1061 sententias
1524 1003 1596 1061 meis
1610 1003 1814 1077 qualibuscu-

169 1096 298 1152 ridentur
311 1093 435 1166 exsculpi
449 1109 530 1164 posse
544 1092 645 1165 verbis,
661 1091 722 1160 ejus
741 1109 823 1149 esua
844 1092 909 1148 sede
922 1091 964 1147 di·
1005 1107 1059 1164 que
1078 1092 1267 1163 conspirantes
1286 1096 1374 1149 uotae
1419 1091 1452 1147 ld
1471 1091 1547 1147 enim
1569 1098 1635 1149 tum
1657 1092 1701 1149 ad
1720 1091 1815 1148 mulir·

169 1184 264 1253 motis,
280 1184 320 1238 ita
335 1181 393 1238 sieri
409 1184 508 1252 potest,
523 1184 555 1236 ut
569 1178 643 1235 idem
656 1179 675 1234 J
680 1180 829 1235 ausonio
842 1179 964 1235 eveniat:
1007 1180 1147 1251 mundum,
1173 1185 1232 1235 tum
1256 1180 1292 1235 ad
1318 1177 1526 1248 intelligendum
1548 1179 1715 1252 plurimun
1736 1179 1815 1235 valet

170 1270 218 1326 sed
233 1286 320 1325 nexus
339 1268 547 1323 meditationum
568 1267 664 1323 tollere
678 1266 748 1323 lianc
762 1266 966 1323 dubitationem
985 1308 989 1343 ,
1007 1266 1040 1322 R.
1056 1266 1085 1321 P.
1101 1266 1306 1323 Sebastiani
1321 1265 1511 1338 inquicrdo
1524 1266 1597 1323 nibil
1609 1268 1700 1325 aliud
1716 1282 1766 1323 une
1779 1268 1815 1321 in·

170 1362 278 1431 potest,
298 1361 326 1412 et
348 1355 428 1411 caldo
448 1359 585 1410 versatum
604 1370 664 1409 csse
679 1358 789 1424 oportet
803 1355 833 1409 in
847 1354 966 1410 lectione
985 1348 989 1425 l
1007 1354 1110 1425 spicere
1123 1353 1254 1426 mermni,
1272 1370 1357 1426 quam
1371 1353 1474 1409 libmm
1487 1354 1661 1426 inscriptum
1683 1354 1816 1411 l’lrarns

170 1442 362 1517 Augustini
386 1430 415 1497 ei
440 1442 575 1499 librorum
600 1440 661 1509 ejus
686 1441 859 1499 ‹tiversorum
884 1456 965 1499 rrcsse
1007 1441 1263 1511 Scientiarum‚
1293 1455 1376 1513 quem
1397 1438 1508 1508 juvenis
1532 1442 1606 1513 uidi,
1641 1443 1698 1499 sed
1725 1442 1815 1499 idern

170 1538 311 1604 tempora,
338 1545 452 1604 scopos,
478 1529 625 1602 synopsin,
652 1527 700 1599 qui
720 1528 787 1585 locis
807 1545 844 1585 ex
862 1546 897 1585 eo
916 1544 965 1585 ex·
1007 1527 1067 1596 ejus
1081 1543 1152 1599 pene
1165 1529 1262 1599 arnisi3
1281 1528 1417 1599 quaedum
1430 1528 1540 1599 phrases
1554 1529 1815 1601 lnquierdinuc

170 1618 271 1691 cerptis
296 1617 385 1689 decipi
411 1633 467 1673 non
492 1617 561 1671 vult.
606 1615 637 1671 ld
657 1615 725 1671 clim
746 1617 885 1674 nonnullis
905 1616 965 1685 ejne
985 1598 989 1625 ¹
1008 1615 1039 1671 in
1052 1616 1119 1671 iocis
1132 1631 1151 1671 a
1165 1620 1195 1671 tc
1210 1616 1359 1690 excerptis,
1379 1630 1437 1671 non
1450 1615 1519 1672 nibil
1531 1633 1551 1674 ι
1566 1618 1642 1673 meis
1656 1617 1812 1689 dissultant,

170 1706 262 1762 verbis
281 1705 415 1761 curiosius
435 1705 562 1776 inspectis
576 1703 795 1761 anirnedrcrtere
809 1705 877 1761 mibi
893 1704 966 1759 emtas
1008 1702 1056 1759 sed
1082 1703 1112 1759 in
1137 1718 1169 1759 ro
1189 1704 1344 1759 consentire
1364 1702 1496 1759 videmur.
1541 1704 1597 1759 Ex·
1619 1721 1668 1777 gr.
1690 1722 1758 1761 curn
1775 1706 1813 1763 ait

170 1808 241 1867 sum,
257 1808 431 1865 1000011000
445 1808 506 1847 sum
521 1794 609 1847 lactus
623 1792 855 1863 circumspectior.
1007 1790 1097 1847 Donni
1121 1790 1315 1847 necessitatum
1334 1791 1419 1847 tuisse
1439 1791 1596 1865 moraliter,
1623 1808 1690 1849 non
1705 1794 1812 1866 physice

213 1879 474 1937 llartscelreros
501 1879 645 1949 promisit,
671 1894 701 1931 se
715 1880 787 1935 ultra
806 1878 842 1935 de
854 1877 966 1934 Atomis
1007 1878 1043 1933 ad
1057 1878 1190 1934 mucidum
1204 1877 1360 1951 omnnium,
1375 1893 1428 1947 ego
1438 1877 1528 1935 dicore
1538 1879 1642 1952 malui,
1658 1880 1809 1954 moraliter,

169 1984 228 2025 nou
245 1968 456 2041 replicaturum
481 1966 512 2021 iu
530 1982 565 2023 eo
583 1964 727 2038 proposito
746 1970 917 2023 constantem
936 1982 966 2021 se
1007 1982 1064 2021 nou
1079 1965 1279 2038 metaphysice3
1304 1966 1450 2034 Pbysicam
1468 1966 1544 2021 enim
1563 1968 1768 2025 mussitatum
1785 1970 1811 2023 in

169 2056 312 2113 ostendere
326 2054 394 2109 uult.
1008 2052 1103 2111 libello
1128 2068 1192 2111 meo
1216 2055 1257 2110 sie
1280 2052 1416 2128 explicui,
1442 2056 1474 2111 ut
1498 2054 1535 2109 sit
1555 2070 1738 2128 consequens
1757 2072 1810 2115 me

213 2142 319 2197 Multas
338 2140 432 2213 utique
446 2140 534 2197 habeo
549 2141 740 2198 meditationes
754 2140 965 2214 philosophicas,
986 2204 989 2243 Ι
1007 2142 1082 2197 ralis

170 2229 218 2285 sed
233 2228 356 2286 nondum
377 2228 491 2283 editioni
506 2233 621 2301 paratae.
667 2228 710 2284 Ex
724 2228 758 2284 iis
772 2246 806 2285 ca
820 2244 890 2301 quae
905 2245 965 2301 pcr-
986 2248 990 2299 3
1053 2229 1274 2301 explicationem
1287 2229 1540 2301 phaenomeuomtu
1555 2229 1691 2288 omnium
1706 2248 1757 2306 per
1769 2249 1810 2291 au·

169 2318 257 2373 tinent
276 2317 312 2371 ad
334 2314 407 2385 leges
421 2320 528 2387 unctus,
550 2316 672 2372 unanime
686 2316 722 2371 ad
736 2316 896 2373 elucidanda
910 2315 966 2372 Na·
986 2318 989 2397 Ι
1008 2316 1050 2373 las
1070 2316 1226 2373 Nlonadmn
1252 2318 1440 2390 perceptiones
1464 2317 1536 2374 inter
1556 2334 1589 2373 se
1607 2321 1809 2393 conspirantes,

170 2409 248 2460 turae
262 2404 398 2477 principia
413 2402 546 2459 inseruire
561 2408 682 2476 possunt.
985 2406 989 2429 ¹
1007 2406 1127 2476 seposita
1140 2404 1294 2462 substantia
1307 2420 1455 2478 corporea,
1469 2406 1568 2461 utilem
1578 2422 1687 2465 censeo
1700 2409 1739 2465 ud
1752 2410 1811 2465 iun-

214 2492 333 2549 lttultum
350 2489 402 2546 tibi
417 2491 523 2564 debeo,
539 2491 612 2563 quod
626 2495 705 2547 tanto
718 2489 811 2546 studio
825 2489 855 2545 iu
869 2489 965 2546 libelle
985 2458 990 2519 1
1007 2491 1195 2549 dameutalcm
1219 2508 1313 2549 rermn
1333 2492 1541 2565 inspectionem.
1588 2493 1626 2549 Et
1647 2496 1703 2552 boc
1727 2512 1810 2569 expe

169 2594 233 2634 mec
252 2579 384 2635 vertendo
404 2577 529 2633 versaris.
573 2578 679 2633 vellem
701 2577 850 2633 invenisses
872 2577 902 2633 in
920 2594 965 2651 eo,
985 2570 989 2593 '
1007 2578 1090 2635 nendi
1112 2579 1197 2635 modo
1216 2580 1338 2651 spatium
1352 2580 1384 2635 tit
1403 2579 1473 2636 crdo
1486 2580 1707 2639 coexistentium
1729 2584 1809 2658 plrae-

168 2680 239 2738 quac
253 2666 486 2738 operaepretium
500 2668 587 2720 lacere
602 2668 720 2736 possent.
985 2672 988 2695 ²
1007 2681 1200 2739 nomenorum,
1215 2672 1247 2723 ut
1261 2672 1369 2738 tempus
1383 2668 1615 2737 succcoeiecrumt
1631 2686 1686 2727 nec
1699 2672 1757 2727 ulls
1770 2677 1810 2727 est

213 2754 325 2809 Gratius
343 2768 397 2824 ago
411 2769 462 2823 pro
481 2752 704 2823 communicatis,
724 2767 796 2823 quae
809 2752 845 2807 ad
865 2768 911 2807 res
924 2750 965 2806 Si·
985 2766 989 2805 2
1009 2754 1158 2811 monadum
1172 2755 1379 2827 propinquitas,
1398 2758 1449 2811 aut
1461 2755 1596 2813 distantia
1608 2758 1750 2831 spetialis,
1766 2760 1810 2815 vd

169 2855 270 2897 nenses
288 2841 436 2911 pertinent.
480 2840 592 2903 Quanto
607 2839 695 2909 magis
710 2855 743 2895 ca
757 2839 917 2912 mnsiderc,
930 2854 966 2895 eo
985 2898 989 2933 Ι
1008 2840 1148 2915 alrsoluta,
1175 2833 1333 2914 dicereque,
1357 2858 1418 2897 esse
1442 2842 1472 2899 iu
1492 2847 1597 2915 puncto
1614 2845 1808 2919 conglobatas,

170 2928 258 2995 magis
283 2928 369 2983 miror
393 2926 500 2981 Romae
524 2924 597 2996 lieri,
622 2942 693 2999 quae
719 2926 786 2981 mibi
812 2928 965 2997 periculum
985 2938 989 2999 ῑ
1008 2933 1057 2985 aot
1070 2928 1101 2982 in
1115 2929 1206 2999 spatio
1220 2928 1426 3002 dissenriaatas,
1446 2934 1490 2985 est
1504 2931 1671 3002 quibusdam
1688 2932 1808 2989 iictiom·

170 3012 316 3069 Missionis
343 3028 442 3082 augere
463 3012 604 3085 ridentur,
628 3020 658 3069 ct
670 3018 746 3068 recta
761 3020 875 3069 monent
888 3014 965 3069 Lusi·
1009 3016 1061 3072 bus
1076 3016 1163 3071 enimi
1177 3016 1265 3071 riustri
1280 3016 1337 3087 nti,
1356 3016 1423 3072 dnm
1442 3016 1592 3090 imaginari
1611 3020 1731 3076 libenter
1749 3022 1808 3077 vel-

171 3101 245 3171 tani,
266 3116 383 3172 quorum
407 3101 521 3157 interest
542 3115 599 3155 non
613 3099 717 3155 irritari
732 3100 910 3156 Monarcham
923 3100 965 3153 Si·
984 3116 987 3133 ¹
1009 3103 1104 3175 lomus,
1118 3118 1190 3175 quae
1204 3108 1312 3159 tautum
1327 3103 1442 3174 intelligi
1456 3112 1582 3177 possunt.
1610 3107 1645 3163 ln
1660 3108 1714 3163 lise
1724 3108 1807 3164 etiam

169 3202 291 3245 mmcnr.
335 3188 448 3243 lntereu
473 3202 584 3256 vereor,
610 3191 640 3242 nt
666 3186 741 3258 Papa
761 3188 875 3259 probet,
891 3187 965 3259 qnod
984 3152 989 3273 !
1008 3190 1227 3247 consideratione
1245 3191 1323 3247 nulla
1342 3192 1461 3247 occurrit
1484 3193 1612 3249 exuendo
1629 3200 1683 3249 aut
1697 3212 1807 3269 compo

170 3274 294 3331 Insitaui
314 3275 370 3329 sibi
385 3272 434 3341 jus
454 3278 616 3345 patronatus
636 3274 666 3330 iu
684 3272 820 3331 Ecclesiae
839 3276 966 3331 Siuensss
986 3316 989 3355 Ι
1008 3278 1075 3333 sitio
1088 3278 1223 3349 continui,
1238 3283 1266 3333 et
1281 3294 1376 3334 onmes
1390 3280 1425 3335 de
1439 3278 1543 3351 punctis
1552 3280 1738 3339 difficultates
1747 3300 1807 3339 era·

170 3362 332 3418 attribuunt.
986 3386 989 3421 :
1010 3372 1130 3421 uescunt.
1174 3366 1267 3436 Atque
1280 3366 1333 3423 boc
1347 3370 1404 3437 cst,
1419 3366 1490 3437 qued
1503 3365 1593 3423 dicem
1608 3367 1690 3423 uolui
1706 3371 1807 3427 alkubi

214 3448 302 3503 Nosse
324 3448 421 3520 celim,
442 3463 478 3503 an
493 3449 527 3504 lt.
541 3446 573 3505 P.
587 3449 829 3523 Turnemiuus,
848 3450 966 3522 promis·
1011 3452 1041 3509 in
1061 3468 1125 3507 ritca
1143 3451 1328 3523 Tlrcodicaee,
1354 3453 1528 3511 difficultates
1546 3454 1583 3509 de
1600 3459 1808 3527 compositione

171 3550 230 3590 satu
250 3534 493 3591 Theodicaeac
514 3552 593 3593 meac
612 3538 798 3595 recensionem
817 3538 965 3595 Trirultia·
984 3564 988 3623 ,
1007 3539 1131 3595 continui
1146 3538 1294 3595 admonere
1308 3556 1359 3595 nos
1374 3540 1482 3611 debore,
1498 3558 1542 3597 res
1553 3542 1638 3613 longe
1653 3546 1734 3600 aliter
1746 3562 1808 3599 esse

170 3622 214 3679 uis
227 3623 286 3677 sris
300 3622 378 3679 Actis
392 3622 520 3678 literariis
534 3624 685 3681 inseruerit.
984 3628 987 3677 ἑ
1006 3626 1219 3699 conspiciendas.
1265 3627 1421 3683 Videndum
1442 3627 1542 3685 deinde
1561 3630 1627 3701 quid
1641 3646 1753 3687 measse
1767 3633 1806 3687 sit

213 3709 312 3765 Libros
327 3709 357 3764 in
367 3708 465 3765 scheda
476 3710 526 3766 bac
536 3717 646 3768 notatos
657 3713 793 3769 Dounirrns
807 3710 964 3767 Romers·
982 3694 987 3757 ἶ
1007 3714 1167 3787 superaddi,
1182 3714 1206 3769 ei
1220 3713 1354 3771 addemus
1369 3717 1498 3772 unionem
1512 3718 1737 3792 srrbstmrtialem,
1758 3736 1806 3775 sen

169 3792 329 3869 kirchen,
350 3796 461 3869 quando
476 3799 566 3872 volet,
586 3800 696 3857 mittere
710 3799 826 3871 poterit,
845 3800 964 3871 pretium
1006 3810 1142 3873 portamus
1155 3802 1338 3859 substantiam
1352 3803 1412 3860 dari
1424 3820 1599 3879 coniuream,
1613 3806 1739 3879 adeoque
1750 3822 1805 3861 ma-

169 3884 297 3955 aseripsi:
318 3885 427 3955 qualem
448 3886 566 3957 ipsemet
579 3887 675 3943 statuit
689 3888 796 3942 solvam
811 3887 963 3958 pecuniam,
1007 3889 1120 3959 teriamq
1146 3895 1174 3944 ct
1200 3906 1238 3945 an
1258 3896 1323 3948 tuuc
1343 3908 1451 3949 neccsse
1469 3892 1509 3949 sit
1526 3893 1630 3951 recurri
1650 3894 1690 3949 ad
1708 3910 1804 3967 corpus

71 4042 76 4051 ι
169 3973 265 4043 cipro
282 3971 367 4025 biset
381 3988 431 4043 pro
446 3973 553 4046 priore,
568 3973 609 4028 illi
624 3989 705 4045 quem
721 3972 788 4029 rrriiri
802 3974 964 4031 nominaris.
983 3952 987 4023 ἶ
1008 3976 1241 4033 Matircmatieum.
1286 3980 1366 4035 Certe
1380 3979 1519 4036 Mcuadss
1537 3997 1596 4037 non
1615 3980 1682 4037 ideo
1697 3984 1803 4055 proprie

264 4055 373 4114 interea
399 4062 459 4115 vale
483 4066 513 4116 et
543 4062 606 4115 tare
661 4060 771 4115 Dabam
801 4062 966 4143 imponeres
1007 4070 1088 4121 erunt
1102 4064 1132 4119 in
1146 4063 1208 4121 loco
1222 4066 1364 4139 dissoluto,
1385 4084 1450 4123 cnm
1463 4084 1560 4124 revera
1575 4083 1632 4124 non
1648 4070 1706 4125 sint
1718 4070 1802 4141 ingre·

171 4142 425 4203 2011011112.
604 4142 607 4149 ’
881 4144 884 4148 ’
983 4190 987 4209 .
1007 4150 1127 4223 diuortia,
1159 4152 1207 4207 sed
1234 4157 1342 4209 tantum
1366 4155 1498 4225 requisita
1524 4156 1668 4211 nmteriae
1713 4156 1803 4227 ltaque

562 4232 754 4289 Deditiesirnus
983 4248 987 4309 i
1011 4254 1069 4295 non
1089 4237 1152 4295 idco
1173 4255 1283 4295 necesse
1296 4240 1349 4297 erit
1364 4240 1544 4297 indivisibilia
1558 4242 1697 4313 quaedam
1713 4244 1803 4301 iocal'n

478 4318 514 4377 G.
547 4320 581 4375 G.
615 4320 666 4377 Le
677 4321 748 4377 ibn
759 4321 874 4379 ilius
983 4316 988 4413 l
1007 4326 1145 4397 0011011101,
1159 4328 1272 4397 quaein
1287 4331 1364 4383 tanta
1376 4328 1551 4385 ditiieultatcs
1564 4329 1728 4398 condicioni.
1749 4332 1804 4389 Sui·

984 4428 987 4483 ;
1009 4414 1074 4484 licit,
1089 4414 1272 4469 substantiam
1286 4430 1447 4485 corpoream
1462 4432 1522 4471 csse
1536 4417 1673 4488 quiddam
1689 4421 1803 4491 pluere

984 4488 987 4563 i
1009 4515 1129 4555 nourena
1148 4506 1229 4555 extra
1247 4502 1355 4557 auinras
1368 4504 1518 4573 reclinans,
1538 4505 1588 4559 scd
1603 4506 1632 4559 in
1647 4520 1707 4577 quc
1720 4507 1802 4563 nebu

984 4570 988 4721 Ι
1008 4587 1150 4657 ccmipcrc
1172 4593 1265 4658 partes
1284 4594 1362 4661 ectu,
1387 4591 1441 4646 nisi
1461 4606 1533 4661 quae
1551 4594 1658 4649 actuali
1672 4594 1803 4651 divisium

380 4644 539 4702 EPlST
554 4648 578 4705 ⁰
592 4648 615 4705 ¹⁴
630 4649 656 4706 Α
683 4650 753 4708 XX·
1008 4674 1092 4742 tieret,¹
1101 4689 1150 4729 nec
1165 4673 1351 4739 indivisibilia,
1364 4678 1419 4733 nisi
1433 4684 1463 4734 ut
1476 4684 1613 4735 muenia.

168 4764 484 4823 Reverendissime
515 4774 634 4843 peter,
666 4774 787 4831 lautor
819 4773 965 4831 bonore·
1051 4759 1185 4815 1101111111
1210 4766 1279 4834 puto
1304 4763 1480 4822 1111191111111
1500 4784 1612 4840 ²³t³¹¹¹lt⁰r
1634 4766 1804 4839 hfllltffll'l‘t·

492 4872 641 4929 ,mim
1007 4860 1087 4917 uam,
1110 4864 1160 4903 nec
1173 4849 1280 4921 concipi
1294 4868 1392 4926 posse,
1413 4858 1444 4909 ut
1464 4860 1556 4926 partes
1569 4854 1806 4927 potentiadicun-

1008 4937 1053 4989 tur
1078 4950 1136 4990 csse
1161 4935 1192 4991 in
1210 4941 1280 4993 toto.
1325 4939 1383 4995 Nec
1402 4940 1483 4997 rideo
1508 4942 1574 5013 qnid
1595 4943 1700 4999 Menas
1718 4942 1807 5001 domi-

213 5008 293 5063 Nom
307 5024 415 5081 senran
431 5010 562 5067 beneficia
577 5012 606 5068 iu
620 5028 665 5069 me
676 5014 809 5087 cumulas,
825 5016 964 5088 inquibus
1007 5036 1076 5077 nam
1094 5022 1212 5079 aliarum
1231 5026 1382 5083 monadum
1402 5028 1564 5085 existentiae
1578 5030 1726 5104 decenn,
1745 5046 1808 5089 nun

168 5109 223 5151 nou
238 5104 376 5167 postrema
391 5104 455 5157 sulit
470 5098 544 5170 ‹pucd
558 5098 755 5159 lteccnsionem
764 5102 964 5162 Trivultianaru
982 5092 986 5123 ¹
1007 5124 1103 5165 resera
1117 5110 1189 5168 inter
1203 5128 1250 5169 cas
1263 5114 1371 5171 nullum
1386 5115 1424 5172 sit
1433 5116 1645 5193 commercium,
1673 5120 1724 5177 scd
1751 5126 1807 5177 tau·

488 4498 646 4509 -—---—
