3706 5828
172 325 236 394 162
674 329 731 388 Lll.
777 330 828 386 DE
848 329 988 387 UNGUA
1009 327 1298 386 CHAMOE'ERICA.

170 495 230 550 cos,
250 476 298 531 sed
317 490 387 546 quae
401 489 509 529 caussas
523 471 710 545 intelligibiles
724 471 852 527 adierunt
864 486 959 527 rerum
981 464 987 553 Ι
1012 475 1139 544 expectat
1157 469 1243 527 orbis.
1286 468 1320 524 ld
1333 469 1401 524 mihi
1416 485 1473 525 non
1487 472 1610 541 tantum,
1630 470 1679 526 sed
1693 475 1722 526 et
1736 471 1802 526 Ger

169 564 347 636 sensibilium,
362 561 411 616 ubi
427 561 499 635 licet,
516 565 564 617 aut
578 561 625 616 ubi
639 559 779 633 nonlicet,
793 575 960 632 cousequen-
1010 560 1119 615 mauiac
1128 560 1180 615 erit
1191 557 1382 632 gratissimum.
1405 558 1481 613 Vale.
1503 556 1612 614 Dabam
1623 559 1806 616 llaunoverae

171 655 223 709 tias
247 652 344 707 saltem
369 648 450 707 utiles
469 651 615 706 effectuum
635 650 735 705 ducant
746 662 791 704 'ex
811 648 860 720 iis,
889 662 960 720 quae
1011 649 1038 705 d
1055 648 1105 704 27.
1120 649 1193 721 Sept
1212 646 1305 703 1699.

171 758 252 798 sensu
272 744 347 796 certa
366 744 444 812 sunt,
465 739 517 795 etsi
537 736 660 793 uoudmn
681 737 716 793 ad
730 752 826 792 causas
840 736 960 792 reducta.
1381 733 1573 790 Deditissimus

170 830 250 895 Quod
265 829 290 883 si
304 829 343 883 sie
356 827 456 900 pergis,
472 828 596 899 profecto
606 825 717 898 efficies,
732 828 765 881 ut
775 824 961 882 Fridesioiana
1260 822 1380 879 Godel.
1402 822 1490 878 Guil.
1506 823 1715 880 leibnitius.

171 918 253 975 nobis
272 917 319 973 det
333 914 495 989 Academia,
511 911 747 988 quodirustraab
762 911 824 968 aliis
838 912 961 969 eruditus
1319 942 1321 947 ·
1565 904 1569 908 ’

947 1398 1044 1488 Lll.

535 1576 832 1669 HlSTORlA
861 1576 944 1666 ET
976 1571 1440 1666 COMMENDATIO

94 1710 518 1891 'urrucuru
584 1764 1235 1887 CHARACTERJCAE
1297 1765 1805 1886 umvuuslrrs

526 1988 628 2054 QUAE
649 1987 762 2044 SlMUL
782 1987 839 2043 srl
860 1987 929 2043 ARS
952 1986 1169 2043 INVENIENDI
1191 1987 1240 2042 ΕΤ
1260 1981 1462 2043 JUDICdNDl.

616 2250 732 2307 (oevres
749 2252 958 2307 Philosophiam
976 2257 1023 2298 etc
1059 2251 1104 2297 sd.
1120 2252 1228 2306 nasae
1246 2262 1270 2306 p.
1289 2249 1368 2304 aba.)

222 2503 307 2559 Vetus
321 2501 436 2557 verbum
449 2502 505 2571 est,
526 2499 617 2555 Deum
631 2496 725 2554 omnia
737 2497 872 2571 pondere,
893 2512 968 2553 men·
991 2501 995 2552 ι
1019 2513 1068 2552 ues
1081 2496 1168 2552 animi
1182 2514 1263 2553 seusa
1275 2497 1475 2555 communimus
1494 2502 1522 2554 et
1535 2515 1605 2572 quae
1618 2499 1728 2573 scripsit
1740 2500 1810 2556 alter

66 2620 69 2633 ‹
180 2608 253 2665 sura,
273 2606 388 2646 numero
402 2587 505 2645 iecisse
550 2589 619 2644 Sunt
632 2591 725 2643 autem
739 2603 809 2659 quae
822 2585 995 2678 ponderari,
992 2576 1028 2624 Ι
1020 2603 1049 2641 ιιι
1064 2601 1113 2640 sua
1127 2585 1549 2661 quisqueliugualegcrequeat,
1565 2593 1809 2662 nemotameuag

180 2696 238 2737 nou
257 2680 385 2752 possunt,
413 2676 516 2732 seilicet
534 2693 605 2748 quae
623 2675 682 2731 vim
700 2680 728 2731 et
742 2675 895 2748 potentiam
908 2673 995 2730 nul·
1020 2689 1127 2746 gressus
1141 2678 1183 2729 est
1197 2674 1355 2746 linguam
1333 2691 1392 2729 srve
1406 2676 1677 2750 Claracteriuicen,
1668 2694 1699 2732 ru
1709 2692 1764 2750 qua
1773 2677 1810 2732 si·

181 2771 238 2825 lam
263 2768 380 2838 habent3
406 2769 472 2820 sunt
492 2764 577 2820 etiam
597 2780 667 2837 quae
686 2769 780 2819 carent
798 2763 924 2835 partibus
938 2779 970 2818 ac
1021 2763 1080 2817 mul
1101 2777 1145 2817 ars
1169 2762 1326 2820 inveniendi
1344 2767 1373 2819 et
1391 2764 1529 2820 iudicandi
1550 2767 1748 2823 conumeratus:
1780 2765 1809 2822 id

180 2855 297 2931 proinde
320 2869 476 2910 mensuram
500 2868 558 2908 non
576 2852 719 2925 recipiunt.
768 2851 820 2908 Sed
839 2851 909 2906 nihil
928 2855 971 2906 est
1021 2854 1063 2906 est
1075 2850 1152 2906 ouius
1166 2855 1250 2906 notae
1262 2852 1465 2909 etdraraeteres
1474 2859 1643 2925 praestarent
1652 2854 1811 2928 idemquod

181 2944 256 3018 quod
284 2957 429 3000 numeram
460 2957 517 2998 uon
543 2940 670 3014 patiatrrr.
721 2940 817 3013 ltaque
842 2955 971 2996 numerus
1021 2942 1105 2995 uotae
1129 2939 1315 2996 arithmeticae
1339 2940 1369 2995 iu
1394 2942 1514 3010 numeris
1539 2947 1568 2999 et
1593 2943 1763 3016 algebraicae
1780 2944 1810 2999 in

181 3032 260 3106 quasi
279 3032 365 3104 ligura
377 3029 511 3102 quaedam
526 3028 698 3102 ltletaphyiea
717 3032 774 3101 est,
795 3033 825 3085 et
837 3029 973 3085 Arithme-
1023 3023 1258 3098 magnitudinibus
1271 3029 1406 3086 abstracte
1419 3031 1532 3102 sumtis3
1554 3036 1582 3087 et
1596 3037 1689 3088 tamen
1703 3032 1812 3088 videtur

181 3121 237 3178 tica
255 3123 299 3176 est
315 3118 449 3191 quaedam
463 3117 564 3174 Statiea
583 3117 716 3191 universi,
742 3132 797 3190 qua
815 3133 905 3173 rmum
926 3133 975 3190 po
1024 3117 1107 3188 Deus,
1122 3133 1185 3172 eum
1199 3116 1248 3172 has
1262 3117 1331 3174 duaa
1345 3118 1473 3175 scientias
1488 3120 1580 3192 generi
1595 3120 1811 3193 humauolargi·

182 3208 285 3266 tentiae
298 3207 485 3280 explorantur.
1025 3209 1070 3262 tus
1083 3209 1133 3277 est,
1147 3205 1297 3263 admouem
1309 3222 1361 3262 nos
1376 3207 1502 3280 voluisse,
1516 3209 1602 3265 latere
1616 3210 1647 3265 in
1660 3213 1756 3266 nostm
1770 3210 1811 3265 iu·

228 3298 292 3353 Jam
306 3296 371 3352 inde
383 3310 402 3351 a
415 3294 570 3367 Pythagora
584 3294 705 3366 persuasi
720 3294 973 3367 lamuntbomines,
1024 3293 1134 3350 tellecta
1158 3310 1287 3350 mcauum
1312 3295 1394 3368 longe
1411 3296 1516 3371 maius,
1538 3298 1616 3354 crrirrs
1633 3298 1684 3355 lae
1703 3302 1812 3355 tautum

184 3385 309 3443 maxima
326 3384 357 3440 in
370 3384 493 3441 numeris
506 3382 639 3452 mysteria
652 3383 747 3441 latere.
790 3384 826 3439 Et
839 3385 974 3456 Pytlmgo
1023 3382 1137 3444 umbrae
1151 3387 1248 3438 essem

184 3491 245 3532 ram
266 3472 397 3531 credibile
414 3476 470 3545 est,
493 3476 524 3528 ut
543 3471 599 3527 alia
613 3471 708 3543 multa,
729 3471 769 3527 ita
783 3471 852 3528 hanc
866 3487 974 3545 quoque
1068 3471 1182 3526 Faciunt
1192 3474 1234 3526 est
1247 3475 1340 3527 autem
1354 3470 1445 3528 nescio
1459 3488 1515 3545 quo
1529 3476 1596 3547 lain,
1615 3479 1647 3530 ut
1660 3492 1711 3548 ego
1725 3477 1811 3533 adhue

184 3562 344 3638 opinionem
363 3577 400 3618 ex
414 3560 526 3618 Oriente
544 3558 713 3616 attulissem
727 3561 878 3617 Graeciam.
921 3559 974 3616 Sed
1024 3576 1091 3632 puer
1106 3559 1137 3615 iu
1150 3560 1198 3614 bas
1212 3561 1390 3632 cogitationes
1403 3559 1565 3636 inciderem,
1581 3579 1663 3637 quae,
1679 3568 1711 3620 ut
1724 3566 1812 3622 solent

184 3668 249 3710 curn
266 3667 334 3727 vora
351 3648 444 3706 arcani
463 3648 547 3705 clavis
566 3648 749 3721 ignoraretur,
768 3648 838 3722 lapsi
852 3652 916 3705 sunt
929 3664 974 3704 cu·
1024 3647 1130 3721 primae
1150 3647 1352 3722 inclinationes,
1379 3654 1474 3721 postea
1494 3667 1600 3724 semper
1617 3653 1750 3710 aldssime
1770 3657 1812 3710 in·

185 3740 314 3798 riosiores
332 3738 369 3794 iu
382 3736 471 3794 hrtilia
492 3739 521 3793 et
534 3737 734 3809 superstitiosa,
760 3738 833 3794 uude
847 3743 913 3795 nata
932 3741 975 3794 est
1024 3737 1096 3792 fixae
1120 3737 1206 3791 monti
1224 3737 1342 3794 haesere.
1385 3738 1448 3794 Duo
1468 3739 1537 3794 milri
1556 3742 1681 3812 proluere
1699 3742 1812 3799 mirifice

185 3826 308 3886 Gabbala
325 3826 460 3900 quaestam
479 3824 611 3898 vulgaris,
639 3841 740 3882 asera
758 3826 840 3899 louge
858 3829 973 3900 mmota,
1025 3819 1113 3903 (quae
1137 3830 1230 3881 tamen
1255 3825 1359 3898 alioqui
1383 3826 1513 3900 ambigua
1533 3832 1561 3885 et
1582 3830 1706 3902 pluribus
1727 3832 1813 3887 noxia

186 3920 216 3973 et
233 3914 353 3988 ineptiae
373 3913 535 3988 multiplices
548 3911 691 3983 cujusdam
705 3913 767 3970 taisi
781 3914 901 3970 nominis
915 3915 975 3970 Ma·
1024 3931 1082 3970 esse
1100 3909 1208 3990 solent)
1228 3914 1361 3987 primum,
1380 3916 1453 3987 quod
1475 3919 1531 3973 tere
1544 3934 1631 3975 essem
1645 3903 1812 3972 &madida

186 4005 260 4077 grae,
283 4003 383 4074 quibus
400 4002 474 4077 pleni
488 4007 552 4059 sunt
561 4000 636 4059 libri.
680 4002 788 4059 lntaes
801 4002 884 4060 insita
898 4019 975 4059 man-
1023 4016 1113 4066 aros,
1133 4003 1250 4059 altemm
1263 4005 1336 4075 quod
1350 4019 1506 4075 quaererem
1520 4022 1594 4062 nova
1607 4007 1637 4062 ia
1650 4023 1812 4081 unaquaque

186 4093 224 4148 sit
249 4089 406 4148 homiuibus
431 4091 547 4147 facilitas
571 4090 699 4147 credendi
717 4090 831 4147 mirifica
856 4091 974 4148 inveniri
1023 4090 1145 4163 scientia,
1161 4096 1191 4148 ut
1204 4092 1324 4164 primum
1334 4108 1396 4148 eam
1410 4094 1588 4168 attingebam,
1603 4112 1666 4153 cum
1681 4114 1763 4172 saepe
1777 4115 1812 4155 ue

186 4197 267 4254 posse
280 4179 415 4251 numeris,
430 4178 629 4237 clamatoribus
644 4184 673 4235 et
685 4179 780 4252 lingua
793 4180 912 4252 quadam
925 4197 974 4236 no
1024 4178 1147 4251 vulgaria
1170 4180 1281 4252 quidem
1304 4180 1372 4237 satis
1389 4183 1574 4255 percepissem.
1623 4185 1677 4241 Sed
1696 4186 1737 4242 ita
1756 4186 1812 4243 duo
1845 4234 1848 4240 ι

187 4286 232 4342 va,
247 4284 331 4341 quam
344 4267 431 4340 aliqui
443 4267 614 4340 Adamicam,
629 4267 749 4325 Jacobus
763 4268 898 4325 bohemus
916 4268 975 4324 die
1024 4268 1143 4342 lucratus
1163 4283 1240 4339 sum3
1259 4268 1378 4340 primurn
1396 4287 1431 4326 ne
1445 4273 1568 4328 animum
1582 4272 1710 4330 inanibus
1724 4279 1753 4330 et
1766 4275 1812 4332 de

187 4355 480 4428 Natus-Spracha
500 4360 588 4411 vocat
1024 4355 1159 4413 discendis
1179 4356 1335 4429 implerem,
1355 4372 1426 4429 quae
1443 4361 1591 4418 autoritate
1610 4364 1701 4434 potius
1714 4363 1812 4420 docen-

230 4445 291 4503 Sed,
302 4445 393 4501 nescio
406 4460 443 4500 an
456 4443 601 4516 quisquam
614 4445 772 4500 mortalium
785 4461 879 4502 veram
892 4444 976 4500 ratio·
1025 4444 1095 4500 tium
1108 4459 1192 4515 quam
1206 4445 1371 4517 argumentis
1385 4453 1493 4520 recepta
1506 4455 1586 4522 suut,
1602 4452 1718 4508 alterum
1732 4457 1764 4508 ut
1777 4469 1813 4510 ue

187 4549 254 4591 nem
266 4533 396 4589 baeteum
409 4532 592 4605 perspexerit,
612 4547 667 4603 qua
680 4532 777 4605 cuique
791 4533 832 4589 rei
846 4549 975 4589 uumerus
1024 4537 1089 4588 ante
1101 4531 1265 4603 quiescerem
1279 4549 1362 4606 quam
1375 4535 1424 4592 ubi
1439 4537 1568 4611 cuiusque
1581 4539 1721 4598 doctrinae
1731 4542 1812 4598 libras

187 4639 253 4678 araus
270 4621 500 4679 cbameteristicus
517 4619 649 4693 assignari
663 4621 757 4692 possit
800 4621 873 4678 Nam
887 4621 975 4679 erudi·
1025 4637 1057 4677 ac
1076 4619 1180 4677 radices
1200 4637 1288 4679 wem
1307 4622 1422 4679 riuratus
1437 4630 1466 4681 et
1481 4627 1516 4683 ad
1530 4628 1664 4701 principia
1678 4630 1738 4703 ipsa
1752 4648 1812 4704 per·

188 4709 434 4783 susurramine,
448 4724 512 4767 cum
521 4708 625 4780 aliquid
635 4707 791 4776 hujrrsmodi
802 4710 892 4768 obiter
902 4710 976 4784 apud
1025 4708 1161 4765 venissem
1187 4710 1260 4768 uude
1285 4712 1352 4768 mibi
1371 4713 1483 4786 proprio
1499 4716 1589 4774 Marte
1608 4718 1716 4794 omnia,
1743 4735 1813 4792 quae

187 4799 263 4873 ipsos
281 4798 444 4872 attigissem,
464 4796 530 4853 assi
548 4800 614 4853 sunt
632 4812 663 4851 se
676 4812 733 4853 ιιοιι
746 4797 896 4872 intelligere
909 4799 975 4899 quid
1025 4797 1209 4872 tractabam,'
1201 4800 1324 4857 mvenire
1337 4800 1438 4858 liceret.

187 4889 313 4945 dicerem
335 4887 372 4943 Fa
384 4901 550 4959 quamquam
562 4885 667 4942 dudum
680 4885 780 4959 egregii
796 4887 948 4959 quidam
921 4885 976 4944 ruri
1069 4886 1138 4943 Οιιιιι
1151 4905 1216 4960 ergo
1230 4904 1248 4944 a
1261 4889 1376 4947 lectione
1384 4891 1569 4966 historiarum,
1583 4910 1638 4966 qua
1648 4895 1685 4950 ab
1696 4845 1813 4952 infautia

188 4975 404 5050 excogitaverint
422 4975 544 5048 linguam
563 4973 702 5047 quandam
715 4989 764 5030 seu
777 4974 977 5034 (irmacteristi
1025 4974 1096 5033 mire
1111 4978 1214 5032 lamam
1228 4977 1391 5052 delectatus,
1411 4984 1440 5037 et
1452 4997 1470 5036 a
1484 4982 1550 5051 styli
1563 4999 1641 5056 cura,
1662 5000 1747 5056 qum
1760 5000 1812 5057 ogo

187 5081 250 5120 carn
274 5063 471 5135 cusanam,
497 5079 553 5136 qua
570 5063 697 5119 notiones
717 5066 799 5134 atque
817 5081 861 5120 ras
880 5080 975 5122 omues
1025 5064 1055 5119 iu
1068 5063 1154 5121 Prusa
1172 5064 1310 5139 ligataque
1327 5084 1361 5124 ea
1381 5068 1509 5125 felicitate
1527 5087 1703 5128 exercueram
1722 5079 1754 5129 ut
1767 5089 1814 5129 ve-

188 5152 296 5226 puldua
315 5153 477 5210 ordinantur
496 5157 525 5208 ct
539 5149 617 5221 enjus
631 5149 736 5207 auxilio
750 5150 873 5209 divemae
885 5153 975 5209 natio-
1023 5156 1147 5209 rorantur
1160 5161 1347 5228 praeceptores
1361 5173 1397 5213 ue
1408 5157 1443 5213 ad
1459 5157 1813 5219 bcsdelieiasoblmeresce·
