3706 5828
175 325 242 399 rto
584 340 676 400 uxn.
719 341 862 400 annas
884 341 1422 408 nossssunnmnasu-vm.

174 483 333 552 admittunt,
352 485 381 536 et
395 481 475 536 laeile
493 479 522 536 id
537 483 625 539 tatsor
638 481 674 539 de
687 482 826 556 omnibus,
846 483 920 556 qnod
933 484 968 541 de
1219 482 1244 540 E
1257 483 1280 540 P
1293 481 1308 540 1
1322 483 1341 539 S
1353 482 1379 538 Τ
1392 485 1419 540 0
1431 481 1455 539 L
1467 481 1496 538 Α
1530 481 1589 539 vn

174 571 311 715 Ἕω
324 570 391 625 Μ
405 573 531 670 Μ’,
750 660 756 672 ,
816 660 821 671 ,
864 660 871 673 ,
1132 604 1322 664 Admodum
1343 604 1546 664 Reverende
1566 606 1680 680 Pater,

263 675 291 715 m
312 663 405 715 tamen
424 674 547 731 eoqrorrs
565 671 645 714 mum
659 658 774 731 Angelus
788 660 873 718 tribur
887 677 969 733 prome
1335 709 1336 712 ,

175 747 304 821 arbitror,
326 752 357 802 nt
376 763 434 802 non
447 747 540 820 inepte
555 746 680 804 ditantur
694 748 800 804 formas
813 749 969 807 amittentes
1054 745 1142 804 Valde
1155 747 1245 820 plaoet
1258 748 1432 821 lispursae
1452 746 1535 803 antri
1550 747 1634 818 loeus,
1654 750 1684 802 et
1698 762 1808 820 pergn-

176 835 276 910 potins,
290 851 375 908 quem
389 836 577 909 inhaerentes,
591 851 648 892 non
662 836 736 908 quod
751 837 967 896 Entekeltsmrn
1010 840 1069 892 tam
1083 836 1146 911 erit,
1160 837 1268 909 quoties
1278 836 1411 895 iudioabis
1420 835 1581 893 autoritates
1590 836 1658 892 milri
1673 837 1807 893 maestes.

176 924 298 982 ensium
316 940 374 982 non
395 925 510 997 iaciant,
536 924 585 980 sed
603 923 677 997 qnod
701 927 810 999 eorpori
832 943 888 984 non
913 927 969 984 sint
1010 925 1106 998 Neque
1120 925 1255 996 eguillnd
1268 926 1508 1001 Peripatefieorum
1518 925 1620 995 dogma
1632 941 1742 1000 speram
1758 925 1808 998 qui

176 1014 285 1070 affixae.
329 1014 458 1070 Arbitror
477 1014 553 1069 onim
574 1010 649 1082 (oum
663 1015 824 1073 naturaliter
838 1016 969 1088 possibile
1010 1014 1172 1071 relationem
1197 1014 1234 1072 ad
1259 1015 1467 1072 deminutam
1493 1014 1637 1069 materiam
1662 1012 1728 1082 (etsi
1755 1030 1808 1087 pro

176 1101 222 1175 a't,
236 1108 266 1158 et
279 1101 316 1158 ad
328 1103 523 1176 pefectionem
537 1102 663 1159 Univesi
683 1097 794 1180 memte)
814 1121 874 1161 esse
889 1105 968 1162 Fate-
1010 1107 1133 1177 tempore
1156 1103 1241 1160 aliam
1259 1108 1342 1177 atque
1366 1104 1469 1173 aliam)
1489 1102 1526 1159 ad
1549 1102 1717 1159 numerimm
1742 1101 1806 1159 sub

176 1191 286 1264 remiss,
296 1207 368 1263 quae
377 1192 506 1248 fadilime
516 1195 623 1247 mutent
631 1193 845 1266 oorpnaseudo
854 1210 970 1268 empore
1010 1191 1174 1248 standarum
1195 1193 1397 1250 distinctionem
1418 1191 1570 1264 requirunt.
1613 1192 1656 1246 De
1676 1192 1737 1247 Deo
1762 1208 1806 1247 res

176 1280 206 1335 in
219 1295 317 1353 eorpus
337 1278 495 1351 tmnmant3
515 1296 573 1337 non
588 1285 728 1336 momento
741 1282 863 1356 queen,
884 1283 969 1350 (nibil
1011 1296 1089 1336 secus
1103 1281 1194 1354 habet,
1216 1282 1263 1354 qui
1277 1282 1413 1338 mtfieiens
1428 1281 1491 1352 sibi,
1511 1295 1592 1335 carna
1605 1284 1648 1335 est
1662 1281 1803 1353 maurino,

136 1412 139 1417 ,
176 1368 251 1425 enim
270 1369 311 1425 sie
332 1369 363 1424 tit
376 1369 551 1439 naturaliter)
571 1369 618 1425 sed
638 1369 716 1425 brevi
729 1378 822 1428 tamen
836 1376 966 1446 tempore,
1011 1375 1039 1426 et
1052 1369 1170 1426 aliorum
1190 1369 1329 1443 omnium,
1351 1369 1443 1442 itaque
1462 1373 1573 1425 nonest
1591 1369 1685 1425 anima
1700 1369 1804 1442 mnndi,

176 1457 241 1515 lieet
254 1445 432 1531 per'graclus.
478 1458 525 1514 Uti
545 1474 608 1531 pars
627 1474 711 1531 quam
730 1460 863 1534 retinent,
884 1460 969 1517 sarit
1010 1457 1058 1513 sed
1076 1463 1164 1516 autor.
1198 1458 1329 1516 Naturale
1349 1474 1415 1514 vero
1440 1461 1482 1514 est
1505 1456 1635 1513 meaturis
1660 1459 1805 1514 materiam

55 1618 61 1628 ι
175 1544 322 1603 rnntamlae
341 1547 426 1620 parti,
455 1562 537 1620 qnam
556 1548 709 1620 deponunt,
735 1549 787 1605 etsi
805 1549 890 1606 etiarn
908 1551 970 1623 ipra
1011 1545 1125 1620 babere,
1147 1563 1235 1620 neque
1253 1548 1332 1604 aliter
1345 1547 1488 1620 poesibiles
1500 1550 1578 1618 smrt,
1599 1545 1653 1601 nisi
1667 1548 1743 1621 Deps
1757 1564 1806 1620 per

175 1633 274 1695 tunde
284 1650 335 1708 pro
344 1651 375 1691 re
385 1640 451 1692 nata
461 1640 588 1708 meatur,
604 1632 657 1708 (uti
671 1652 723 1692 nos
737 1653 834 1694 manus
843 1654 970 1712 opepoe·
1011 1637 1174 1692 miraculum
1188 1636 1312 1711 suppleat
1326 1635 1456 1692 mutarim
1470 1650 1579 1690 munus.
1612 1635 1650 1690 At
1664 1651 1736 1708 qnae
1750 1652 1805 1692 non

174 1739 268 1781 umus
278 1722 375 1797 pedem
385 1725 671 1798 mutatqetfignenm
682 1727 967 1801 earneosnbsistuere,
1010 1725 1064 1781 nisi
1083 1742 1133 1799 per
1151 1725 1313 1781 miraenlum
1331 1723 1481 1798 perpetrari
1507 1726 1635 1797 possunt,
1660 1741 1717 1780 non
1743 1732 1806 1782 sunt

174 1811 233 1870 iure
246 1813 394 1886 opennius
407 1829 659 1887 mannspoesemus
669 1819 775 1872 mutare
783 1817 900 1873 alteram
910 1833 968 1873 ma·
1010 1813 1172 1884 emulantur
1202 1813 1354 1870 neeesmria
1383 1812 1420 1868 ad
1444 1812 1638 1886 persentiebam
1666 1812 1804 1870 Universi.

173 1916 257 1975 nuru,
275 1905 306 1958 et
324 1916 378 1975 ope
396 1919 485 1959 nomo
504 1918 602 1959 manus
623 1919 716 1960 rursm
731 1905 860 1977 priorem,
879 1906 969 1963 ano
1009 1903 1125 1976 Spiritus
1139 1902 1261 1959 infinitus
1279 1903 1308 1959 in
1321 1918 1438 1975 oorpora
1451 1901 1509 1972 agit
1522 1901 1641 1957 creando
1653 1907 1684 1957 et
1696 1919 1805 1959 eoum·

174 2005 239 2047 ram
264 1991 331 2046 satir
357 1991 440 2048 nobis
458 1991 538 2047 unire
562 1992 677 2061 litaret)
706 1991 750 2049 lta
774 2008 880 2066 semper
904 1999 968 2068 aget
1008 1990 1110 2063 vando,
1125 1992 1201 2064 qued
1215 1992 1349 2065 quaedam
1366 1990 1476 2047 ersendi
1489 1990 1658 2047 oontinuatio
1672 1997 1724 2047 est.
1746 1992 1806 2049 lieu

168 2078 295 2152 ¹Angelus
317 2095 365 2153 per
395 2096 526 2152 aequora,
558 2096 719 2154 semperque
745 2081 835 2139 loeum
854 2083 968 2140 habebit
1009 2080 1087 2137 inito
1101 2080 1213 2154 Spiritui
1228 2080 1424 2138 communituri
1439 2094 1495 2135 non
1510 2083 1609 2152 potest

174 2167 329 2224 Harmonia
344 2168 539 2241 praestabibtr,
561 2185 609 2225 seu
622 2174 661 2241 ut,
677 2186 749 2244 quae
762 2173 821 2228 snlt
836 2172 965 2246 Angelus,
1052 2169 1121 2226 Gom
1132 2169 1167 2227 de
1180 2169 1368 2226 ass'stentibm
1381 2169 1481 2224 formis
1494 2168 1600 2224 loeutus
1610 2183 1682 2241 sum,
1696 2184 1756 2225 non
1769 2170 1806 2224 ad

173 2256 241 2312 fiant
254 2272 292 2312 ex
305 2257 365 2330 ipsa
378 2274 523 2331 eorponrm
545 2258 617 2331 lege:
642 2260 700 2314 lere
721 2264 751 2318 ut
769 2260 968 2318 Suaresium
1009 2257 1161 2315 Thomas
1179 2258 1393 2330 distinotimem,
1415 2273 1499 2330 quam
1518 2273 1665 2330 memoras,
1685 2259 1804 2332 respexi,

173 2349 292 2401 rabum
307 2346 396 2402 ilioere
409 2347 523 2402 memini
536 2362 573 2403 ex
586 2349 768 2420 quorumdam
776 2353 910 2408 sententia
923 2367 967 2408 res
987 2318 989 2401 i
1009 2348 1080 2404 iuter
1093 2348 1216 2418 Angelos
1227 2348 1285 2403 Deo
1299 2346 1494 2403 amismnteset
1504 2345 1692 2402 ministrantes
1705 2347 1806 2419 (qmn-

172 2434 212 2489 ita
226 2434 431 2506 praeordinatas
444 2452 512 2508 esse,
532 2440 564 2491 ut
584 2437 770 2495 voluntatibus
790 2439 967 2513 precibusque
987 2429 989 2481 Ι
1009 2452 1092 2509 quam
1106 2436 1243 2510 Scriptura
1262 2452 1357 2493 omnes
1369 2436 1491 2509 appellet
1509 2434 1708 2491 ministratores
1721 2435 1807 2508 Spiri-

170 2521 315 2579 beatorum
328 2528 427 2597 sponte
440 2524 617 2581 satisfaciant.
986 2500 989 2593 i
1008 2525 1065 2590 tusi
1085 2525 1133 2582 sed
1152 2525 1188 2581 ad
1202 2525 1394 2598 Peripateticus
1413 2526 1534 2598 phrases.
1576 2524 1636 2579 Dee
1648 2525 1808 2581 meantes

215 2611 383 2668 sammaa
396 2613 480 2684 igitur
494 2616 598 2670 formas
613 2629 682 2670 voco
696 2630 766 2687 quae
780 2632 831 2689 pro
850 2615 967 2672 abiero
986 2600 989 2701 ξ
1008 2614 1220 2689 rnarrrgenms,
1244 2629 1315 2686 qaae
1334 2614 1401 2668 nna
1416 2613 1492 2670 arua
1508 2618 1610 2685 agant,
1635 2629 1724 2685 usqne
1744 2614 1805 2670 neo

173 2717 271 2774 eorpus
296 2707 418 2775 sumunt,
442 2707 526 2774 atque
550 2701 699 2776 deponunt,
724 2709 753 2759 et
772 2705 847 2778 quod
866 2705 989 2789 babent,¹
1009 2703 1064 2759 sint
1078 2702 1265 2776 administrae,
1285 2702 1431 2758 subvenire
1446 2717 1539 2758 rerum
1553 2701 1646 2757 ordini
1656 2718 1712 2758 non
1726 2708 1804 2775 puto.

173 2790 384 2861 transformant,
412 2789 580 2848 inhaerentes
598 2797 680 2865 atque
703 2793 871 2866 animatas,
897 2810 968 2866 quae
986 2840 988 2899 A
1009 2793 1066 2848 llas
1079 2793 1154 2848 enim
1172 2807 1314 2848 mmovere
1333 2807 1352 2847 a
1370 2790 1531 2864 eorpmibus
1553 2795 1584 2846 et
1602 2791 1679 2863 loeo,
1698 2795 1742 2847 eet
1760 2808 1804 2847 re-

173 2877 230 2934 tale
244 2877 390 2934 arbitrium
404 2895 461 2935 non
474 2880 585 2953 tabent,
607 2883 659 2937 etsi
679 2881 731 2937 boe
749 2882 895 2939 arbitrium
909 2883 967 2938 suis
986 2904 988 2953 ;
1009 2897 1120 2937 movere
1133 2880 1171 2936 ab
1184 2880 1332 2936 umvemali
1345 2880 1526 2952 oonnsxione,
1541 2884 1571 2936 et
1583 2880 1682 2935 ordine
1692 2879 1804 2953 Mundi,

174 2965 308 3023 limitibus
321 2964 488 3042 maneatur,
508 2974 540 3027 ut
552 2975 649 3026 anneta
662 2972 781 3027 rraturali
795 2971 890 3027 ordine
904 2987 967 3044 pro
1008 2985 1089 3041 quem
1103 2971 1208 3026 iaciunt
1220 2968 1369 3026 relationes
1380 2967 1417 3024 ad
1432 2973 1538 3042 tempus
1551 2973 1580 3024 et
1595 2968 1694 3025 loemn.
1721 2969 1803 3034 Quod

173 3055 278 3112 sedant
308 3056 399 3113 Solius
412 3058 486 3113 euim
500 3057 551 3113 Dei
564 3063 606 3113 est
619 3058 726 3131 quidvis
740 3062 828 3115 faeere
842 3076 879 3115 ex
898 3076 967 3133 quo·
1007 3057 1044 3114 ad
1054 3058 1254 3132 expositionem
1265 3057 1373 3130 attinet,
1389 3062 1482 3114 utrum
1492 3057 1649 3114 Fateleobia
1658 3059 1803 3115 materiam

173 3143 226 3217 νἰ,
246 3143 321 3200 nuda
335 3145 482 3201 voluntate.
525 3146 561 3202 m
580 3147 684 3219 priores
703 3152 798 3220 putem
816 3164 836 3203 a
852 3165 967 3222 eorpore
985 3134 988 3213 ἰ
1009 3151 1105 3220 mutet,
1126 3147 1279 3220 distinguo,
1307 3152 1338 3202 nt
1352 3162 1398 3201 me
1409 3146 1470 3215 jnrn
1485 3147 1580 3202 lesisse
1600 3147 1705 3221 scribis,
1726 3154 1802 3204 ente·

78 3266 81 3271 ,
144 3244 150 3265 ·
174 3239 291 3289 murem
305 3232 359 3289 diui
372 3249 461 3307 posse,
477 3234 640 3307 posueram
653 3237 762 3309 ooqrori
774 3238 881 3293 affixas.
915 3239 966 3295 Fa·
985 3218 988 3285 i
1008 3236 1094 3293 leonia
1107 3251 1205 3310 eorpus
1218 3251 1299 3291 suum
1308 3236 1465 3306 organicum
1481 3240 1579 3307 mutat,
1593 3252 1640 3291 seu
1656 3238 1801 3294 materiam

175 3321 289 3378 tendum
302 3327 396 3378 tamen
409 3328 451 3379 est
464 3324 560 3379 ambas
572 3324 681 3397 eorpori
695 3326 784 3382 unitas
793 3343 862 3400 me,
877 3331 909 3383 ut
923 3343 966 3382 ra·
984 3340 987 3377 e
1007 3324 1167 3397 eandam,
1193 3329 1225 3381 at
1248 3340 1328 3380 suam
1352 3326 1492 3398 propriam
1517 3324 1662 3381 materiam
1682 3326 1802 3398 priunum

175 3410 279 3469 tionem
299 3411 418 3468 babeant
438 3413 617 3469 Entelsem
662 3412 698 3468 Et
715 3415 767 3471 boe
787 3415 894 3472 videtur
907 3432 966 3472 esse
984 3450 987 3461 ι
1008 3430 1065 3471 non
1075 3418 1172 3470 mutat.
1205 3413 1338 3470 Dominus
1352 3412 1458 3483 Bayle
1472 3418 1593 3470 mentem
1605 3429 1695 3470 meam
1710 3416 1741 3469 in
1755 3416 1800 3471 tris

174 3499 212 3556 ad
226 3505 346 3556 mentem
362 3501 549 3573 Augustini
563 3502 624 3558 Lib.
635 3501 717 3557 XXl.
733 3503 767 3559 de
777 3505 893 3561 Ciuitate
904 3505 965 3579 Dei,
984 3538 987 3573 ;
1008 3503 1075 3559 satis
1089 3503 1238 3578 peroepisse
1252 3518 1309 3558 non
1324 3502 1440 3558 ddetur.

174 3589 240 3662 Cap.
253 3589 293 3645 X.
307 3604 325 3644 a
338 3588 468 3645 Thomu
485 3589 598 3646 citatam
617 3598 720 3663 quaest.
742 3593 788 3649 lo.
816 3594 857 3650 De
878 3592 965 3668 Malo,
984 3578 987 3627 l
1052 3591 1170 3649 Materia
1189 3592 1278 3666 prima
1292 3591 1379 3648 enisis
1393 3591 1564 3647 Fnteleubiae
1582 3590 1800 3665 oetmtialis,

174 3677 261 3735 Artie
276 3677 298 3733 1.
320 3679 426 3735 Posse
443 3678 582 3735 scilieet
596 3680 788 3737 Daemones
803 3680 863 3755 (vel
878 3678 965 3756 Ange-
1007 3696 1096 3754 neque
1108 3696 1230 3754 mquam
1243 3680 1279 3737 ab
1295 3696 1329 3737 ea
1342 3685 1493 3754 separatur,
1512 3696 1574 3736 eum
1588 3695 1651 3735 eam
1665 3681 1802 3753 compleat

177 3766 236 3839 los)
252 3765 320 3823 diei
341 3767 510 3840 Spiritus,
530 3768 619 3840 quod
638 3785 785 3842 corpora
805 3771 876 3827 sibi
897 3787 966 3826 ma·
1008 3770 1084 3826 etsit
1094 3770 1154 3843 ipsa
1164 3769 1286 3844 mentia
1295 3769 1403 3843 passiva
1414 3768 1673 3825 totiussubstantiae
1682 3771 1800 3842 eomple-

174 3854 228 3926 gis
242 3855 386 3912 subdita
398 3847 556 3913 habeant.
579 3857 673 3928 ltaque
684 3874 770 3930 neque
781 3859 967 3933 intelligentiis
1008 3863 1062 3915 tae.
1089 3858 1185 3931 Neque
1204 3859 1278 3915 enim
1297 3859 1412 3914 materia
1426 3859 1517 3931 pdma
1531 3858 1561 3913 in
1575 3859 1663 3930 mole,
1683 3875 1731 3914 seu
1750 3859 1802 3914 im·

175 3942 236 4000 istis
256 3943 472 4019 Animarum,
498 3960 586 4018 neque
606 3946 718 4016 Angelis
738 3947 806 4023 ipsis
825 3949 966 4005 Anima·
985 3936 987 3992 ἰ
1008 3948 1242 4022 penetrabilitate,
1272 3951 1300 4003 et
1331 3944 1491 4004 extensione
1516 3946 1652 4002 oonsistit:
1687 3948 1802 4003 materia

175 4031 261 4088 lium
275 4032 486 4106 appellationem
501 4033 659 4090 tribuemus.
686 4036 829 4094 Caeterum
839 4032 987 4135 corpor-iel
1009 4053 1076 4093 vero
1095 4035 1222 4111 secunda,
1242 4035 1331 4109 qualis
1349 4051 1448 4108 eorpus
1470 4035 1628 4108 organicum
1648 4037 1801 4111 constituit,

175 4119 294 4177 mutatio
306 4121 375 4179 nibil
394 4122 485 4197 babet,
507 4122 581 4196 qnod
600 4139 656 4180 non
675 4124 789 4199 reoeptis
801 4126 968 4199 eonsentiat3
986 4138 988 4189 ὲ
1009 4126 1169 4182 resultutum
1189 4129 1232 4181 est
1250 4141 1287 4180 ex
1305 4123 1453 4180 innumeris
1472 4124 1631 4181 substantiis
1648 4126 1801 4199 eompletis,

176 4224 242 4265 nam
256 4213 285 4265 et
297 4226 349 4266 nos
361 4227 460 4286 eorpus
473 4217 620 4286 mutamus,
635 4218 667 4269 ut
680 4215 795 4271 tortasse
809 4230 886 4272 senes
900 4216 967 4273 nibil
985 4194 988 4269 i
1009 4231 1127 4288 quarum
1140 4214 1251 4286 quaevis
1269 4228 1349 4268 snam
1368 4213 1450 4269 habet
1464 4213 1658 4287 Enteleolriam,
1680 4219 1709 4269 at
1723 4230 1803 4270 suram

175 4297 307 4355 mataiae
320 4297 433 4357 infantis
451 4301 629 4360 retineamus:
650 4306 760 4359 tantum
780 4304 832 4360 lroe
846 4304 968 4381 interest,
1010 4304 1153 4360 materiam
1173 4303 1299 4375 pnmam,
1321 4302 1368 4356 sed
1387 4304 1484 4358 harum
1498 4302 1713 4359 substantiarum
1727 4303 1803 4359 nulla

176 4385 449 4465 quodnequesubito,
461 4391 968 4467 neqneproarbitrioeorpnsexnimm.
1010 4398 1119 4449 nostrae
1133 4396 1263 4464 perpetuo
1282 4391 1366 4446 affixa
1386 4396 1435 4447 est.
1472 4392 1591 4448 Materia
1605 4392 1698 4464 itaque
1711 4393 1802 4466 prium

219 4477 300 4542 Quod
314 4486 444 4553 superest,
469 4482 537 4538 Vale
551 4487 580 4537 et
594 4483 664 4537 lave.
686 4481 793 4538 Dabam
808 4483 970 4540 tlanoverae
987 4468 990 4519 ἶ
1010 4479 1154 4551 oniuslibet
1166 4479 1334 4536 substantiae
1348 4480 1459 4536 alterius
1478 4482 1506 4537 in
1521 4497 1637 4554 eoqroro
1651 4480 1710 4549 ejus
1724 4497 1804 4553 orga-

178 4565 207 4622 4.
219 4566 330 4625 0etobr.
349 4567 442 4625 llos.
988 4570 991 4651 ἶ
1011 4570 1074 4626 nioo
1092 4568 1243 4643 existentis,
1263 4569 1375 4626 alterius
1395 4570 1564 4626 substantiae
1584 4569 1726 4625 materiam
1746 4570 1804 4640 pri·

622 4657 813 4715 Deditissimns
988 4660 991 4731 ξ
1011 4675 1085 4714 mam
1104 4656 1228 4731 involvit,
1251 4674 1306 4714 non
1326 4663 1357 4716 nt
1377 4663 1482 4732 partem
1502 4659 1683 4731 essentialem,
1706 4657 1753 4713 sed
1769 4662 1804 4714 ut

476 4745 598 4801 Godet.
620 4746 708 4802 Gnil.
732 4748 946 4805 beibnitins.
988 4744 1169 4825 {requisitum
1194 4745 1391 4816 immediatum,
1417 4753 1448 4804 at
1470 4763 1521 4820 pro
1542 4752 1664 4821 tempore
1683 4749 1803 4821 lantoni,

220 4834 283 4893 RS.
298 4834 686 4906 Grataaliquandoeriteausa
700 4837 968 4911 Quesnelliana,
988 4828 990 4853 ¹
1009 4852 1072 4894 oum
1087 4851 1171 4892 unum
1185 4836 1265 4893 alteri
1281 4837 1413 4894 sueoedat.
1448 4837 1506 4893 Etsi
1523 4853 1589 4910 ergo
1604 4838 1678 4893 Dens
1691 4852 1740 4910 per
1753 4854 1805 4910 po

68 4918 69 4921 ’
175 4936 300 4995 quaeque
322 4923 378 4980 alia
401 4923 559 4994 hujusmodi
577 4924 613 4980 ad
632 4925 782 4985 Historiam
808 4927 968 4987 lidmrlam
1010 4926 1124 4983 antam
1143 4925 1297 4983 absolutam
1316 4926 1600 4999 possitsnbstantiam
1618 4926 1726 4999 privare
1746 4942 1806 4982 ma·

175 5011 319 5084 pertinum
1009 5015 1079 5072 teria
1097 5013 1222 5086 secunda,
1243 5031 1297 5071 nen
1317 5020 1411 5072 tamen
1431 5020 1520 5088 potest
1540 5031 1602 5071 eam
1622 5015 1731 5088 privare
1745 5032 1805 5071 ma-

493 5140 650 5151 ----
1010 5104 1079 5161 teria
1093 5104 1195 5178 prima,
1209 5119 1275 5160 narn
1288 5104 1391 5161 laeeret
1405 5103 1468 5161 inde
1482 5107 1572 5162 toturn
1585 5121 1684 5180 purum
1699 5110 1804 5178 astum

1009 5193 1323 5270 qualisipseestsolus.
1355 5193 1805 5269 dammumsssesitltngelurn
