3706 5828
449 363 577 426 txvut.
621 367 675 425 AD
696 366 765 424 ΗΒ
785 364 912 424 130881
933 364 1133 424 mirmiram
1153 366 1205 423 ix.
1226 396 1260 407 -
1279 366 1344 424 Xll.
1645 350 1711 421 457

79 519 110 559 se
124 507 199 560 stare
213 508 338 577 possunt.
362 503 456 579 ltaque
471 508 539 564 nihil
554 506 677 581 impedit,
692 507 799 564 infinita
812 522 876 565 eon·
917 522 974 566 nou
998 506 1052 564 uisi
1072 512 1176 564 veteres
1201 507 1333 564 monades
1353 509 1503 566 adhiberet.
1548 507 1643 565 blaesa
1668 513 1712 564 est

79 593 157 650 tirrue
167 592 361 668 puuotarrasoi,
376 600 405 651 et
415 595 534 672 interire,
550 597 593 653 vel
603 597 700 653 miens
713 596 876 671 eoiueidere,
916 597 1124 673 phaenomeueu
1143 596 1229 670 reale,
1250 613 1299 653 uee
1318 597 1348 652 in
1369 598 1561 672 phaenomenis
1576 596 1710 670 (exeeptis

78 687 128 738 aut
141 685 223 738 entra
237 699 268 738 se
280 682 398 740 invioem
414 686 489 759 poni,
504 685 564 740 sine
577 690 732 758 augmento,
752 690 782 742 et
795 685 876 742 dirui·
918 685 1051 760 iis,-quae
1064 690 1197 759 apparent
1216 685 1272 757 ipsi
1287 701 1376 742 novae
1390 687 1501 743 monadi
1515 687 1610 759 utiquo
1624 686 1708 754 nove)

77 770 193 829 untione
204 771 347 846 trabariae,
362 777 392 829 et
399 773 579 847 extensionis,
594 790 658 830 eum
672 790 730 831 nou
743 774 808 848 aut,
822 774 877 831 uisi
915 774 1062 848 quiequam
1082 778 1205 831 mutatur
1223 766 1262 830 ob
1281 790 1369 830 novae
1389 775 1515 833 monadis
1529 781 1637 848 ortum,
1657 773 1710 831 nisi

77 857 140 929 eius
159 858 390 935 moditioationes,
412 877 467 917 uon
483 866 574 935 parles
589 878 698 938 nempe,
719 862 766 920 sed
782 860 875 919 mami-
916 863 989 921 torte
1002 862 1142 921 miraoulo.
1168 860 1240 918 Nam
1256 864 1407 935 putandum
1421 870 1471 934 est,
1494 864 1623 920 monades
1640 862 1712 918 anti·

78 947 214 1005 uatiouoe.
916 951 1056 1024 quaejam
1070 951 1151 1008 initio
1165 950 1205 1006 ita
1219 951 1359 1007 ordinatas
1373 952 1456 1007 inisse
1471 969 1488 1007 a
1504 953 1571 1023 lieo,
1587 968 1650 1008 euru
1663 966 1711 1007 ess

121 1036 236 1094 lnterim
250 1052 306 1092 nou
321 1041 389 1110 puto
402 1039 558 1112 convenire,
578 1043 609 1095 ut
623 1039 730 1095 animas
745 1044 875 1113 tanquan
915 1047 1028 1116 ereeret,
1054 1045 1086 1098 ut
1110 1040 1299 1114 phaenomena
1323 1056 1418 1097 earum
1443 1034 1637 1114 responderent
1660 1040 1710 1095 ali·

79 1124 110 1181 iu
129 1126 237 1199 mustis
255 1125 465 1183 consideremus
499 1129 625 1184 Fortasse
644 1128 743 1202 aliquis
762 1128 873 1202 (boaret,
916 1129 1026 1201 quaudo
1036 1128 1149 1185 monadi
1159 1129 1247 1185 adhue
1257 1130 1405 1199 creandae,
1419 1129 1472 1184 nisi
1485 1129 1611 1184 malimus
1622 1130 1711 1184 Deum

78 1228 196 1271 essuou
214 1229 273 1271 esse
287 1214 319 1271 in
333 1214 403 1289 loeo,
424 1216 478 1272 uisi
493 1232 542 1290 per
555 1217 754 1293 operationem,
775 1232 874 1293 nempe
914 1223 1035 1275 meteras
1055 1233 1153 1275 omues
1172 1218 1303 1274 monades
1323 1219 1455 1275 miraculo
1475 1217 1630 1288 immutare,
1648 1233 1711 1273 eum

78 1301 219 1375 loquendo
231 1303 380 1361 seeundum
394 1310 473 1361 vetus
486 1311 607 1376 systema
622 1306 751 1379 mimus,
767 1306 811 1362 vel
824 1322 874 1380 po·
915 1322 1016 1364 noram
1030 1310 1113 1380 erest,
1134 1310 1165 1362 ut
1184 1321 1233 1361 eas
1246 1322 1334 1362 rrovae
1352 1306 1549 1381 aer-omumdet,
1570 1304 1645 1379 quod
1659 1305 1712 1361 mi·

79 1390 136 1446 tius
149 1391 295 1448 semudum
315 1409 418 1450 novum
435 1399 556 1465 systema
575 1393 733 1452 barmoniae
752 1401 875 1470 praesta·
915 1412 966 1453 uus
980 1396 1130 1453 verisimile
1143 1399 1192 1451 est

81 1478 346 1538 bilitaeesseiuluoo
352 1484 668 1558 peroormsponsionem,
682 1484 874 1557 atqoeitame
958 1486 1102 1542 &merum
1112 1483 1282 1540 haecomnia
1294 1485 1346 1540 bue
1359 1484 1483 1556 tendunt,
1499 1483 1629 1556 pooeibile
1639 1499 1710 1556 esse,

79 1567 110 1623 in
125 1573 186 1626 toto
197 1586 312 1644 eorpore
325 1573 463 1646 orgauieo,
478 1573 552 1646 qnod
566 1573 698 1629 animant
725 1573 789 1630 Nou
803 1590 874 1648 nego
915 1579 947 1631 ut
960 1575 1034 1631 Deus
1048 1577 1123 1630 erest
1142 1588 1229 1629 novas
1248 1573 1388 1629 monades.
1419 1572 1471 1629 Sed
1486 1589 1542 1628 nou
1555 1578 1648 1628 mmor
1663 1573 1710 1628 de-

79 1656 190 1714 interim
215 1659 344 1717 uniouem
368 1662 507 1734 quandam
533 1661 633 1718 realem
660 1662 873 1736 metaphysioem
915 1663 990 1735 mio,
1005 1680 1023 1719 a
1038 1663 1098 1719 Deo
1112 1677 1199 1717 novas
1214 1662 1347 1718 monades
1361 1663 1468 1717 ereuri..
1490 1661 1551 1716 lmo
1565 1667 1641 1734 puto,
1663 1661 1711 1716 de-

79 1745 154 1802 inter
165 1746 286 1804 auimam
301 1754 330 1805 et
342 1765 442 1824 eorpus
456 1751 614 1821 organicum
629 1743 674 1827 (ut
692 1751 873 1807 Turnemi·
915 1751 990 1807 leudi
1004 1734 1099 1825 posse,
1118 1755 1147 1806 et
1167 1749 1338 1822 probabilius
1352 1768 1412 1806 esse
1424 1750 1606 1823 eontrarium,
1630 1749 1710 1807 adeo-

78 1834 239 1892 uioetiam
252 1839 412 1912 respondi),
439 1839 588 1896 seeundum
607 1855 690 1913 quam
705 1839 759 1898 diei
778 1840 871 1914 pomit,
914 1857 967 1914 que
993 1839 1231 1914 praeexistentiam
1251 1840 1400 1896 monadum
1437 1840 1472 1895 Et
1497 1856 1548 1913 pro
1573 1839 1711 1896 meatioue

77 1923 201 1980 animam
221 1941 286 1982 vere
298 1943 360 1982 esse
374 1927 403 1983 iu
417 1945 540 2000 oorpore.
584 1928 637 1985 Sed
653 1928 717 2002 quia
732 1946 765 1986 ea
779 1945 872 1985 reses
913 1930 1041 1986 absoluta
1053 1929 1163 1984 animae
1177 1928 1318 1984 rationalis
1332 1929 1441 1984 delendi
1455 1933 1547 2002 pomi
1560 1932 1710 1985 transmea-

79 2012 278 2070 Plrseuomeuis
295 2015 427 2090 expliesri
445 2032 503 2073 non
522 2021 627 2091 potest,
655 2034 707 2074 nee
725 2019 872 2091 quiequam
915 2019 955 2075 tio
968 2018 1079 2074 animae
1097 2034 1153 2074 uon
1172 2017 1316 2073 rationalis
1334 2017 1364 2074 iu
1383 2017 1556 2090 rationalem,
1576 2016 1651 2089 quod
1664 2017 1711 2073 tie-

77 2100 109 2157 iu
123 2101 158 2157 iis
171 2102 270 2176 variat
285 2103 358 2178 ideo,
373 2105 468 2179 inquo
483 2107 635 2163 formaliter
647 2108 787 2180 consistat,
801 2109 874 2164 ultra
915 2113 958 2164 ret
977 2107 1073 2163 addito
1093 2106 1361 2177 miraculose'gradu
1377 2107 1514 2162 essentiali
1530 2106 1710 2178 perfeetiouia

78 2189 207 2247 dietim
219 2192 358 2265 explieare
372 2211 429 2251 non
444 2212 562 2268 possum
596 2195 699 2252 Suitieit
712 2213 873 2270 eorrespou·
915 2197 946 2253 ld
966 2196 1050 2252 etiam
1065 2195 1184 2252 delendo
1209 2195 1240 2249 in
1259 2195 1450 2251 dissertatione
1474 2195 1531 2251 auti
1543 2224 1555 2236 ·
1566 2195 1709 2271 Baylisua,

77 2278 149 2336 sioni
164 2296 224 2336 ene
236 2282 387 2356 alligatam.
409 2283 494 2340 Vides
507 2290 599 2341 autem
613 2300 658 2340 me
667 2284 711 2342 hie
722 2286 798 2359 loqui
812 2285 874 2342 hao-
916 2290 1056 2358 tamquam
1077 2284 1145 2340 milri
1166 2283 1339 2356 probabilius
1359 2284 1450 2340 visum
1463 2284 1601 2340 erratione
1620 2284 1712 2341 omui-

79 2374 169 2443 tenus,
188 2386 244 2427 nou
260 2371 296 2428 de
310 2373 410 2428 unione
430 2373 605 2446 entelechiam,
626 2390 672 2429 seu
689 2374 815 2448 principii
829 2391 873 2430 ao
916 2373 1007 2447 moda,
1022 2379 1052 2429 st
1065 2372 1155 2429 verius
1170 2372 1288 2428 tradnoe.

79 2456 131 2513 tiri
144 2473 207 2514 orm
225 2462 341 2518 materia
360 2461 465 2536 prims,
486 2479 534 2519 seu
549 2462 672 2536 potentia
686 2464 804 2537 passiva,
825 2463 874 2520 sed
959 2463 1076 2519 Mirarer
1091 2461 1200 2518 Curiam
1216 2462 1370 2518 Romanam
1390 2460 1425 2516 de
1439 2460 1630 2517 rebus-sericis
1644 2476 1711 2516 non·

78 2547 116 2603 de
129 2547 230 2603 unione
245 2549 363 2625 animae,
385 2568 432 2608 seu
448 2552 534 2625 ipsius
549 2551 676 2608 monadis
691 2551 744 2625 (ex
758 2557 874 2625 udoque
916 2553 982 2608 ilum
997 2553 1065 2607 satis
1085 2551 1233 2626 perspectis
1252 2567 1315 2606 eum
1331 2550 1467 2605 Ecclesiae
1485 2548 1621 2604 numantia
1640 2548 1712 2621 pieri·

78 2635 215 2710 principio
240 2632 412 2716 resultantis)
436 2657 500 2697 eum
525 2657 624 2715 rnassa,
652 2658 701 2698 seu
725 2658 788 2698 eum
812 2641 874 2697 aliis
915 2642 977 2698 rulo
1002 2639 1191 2713 pronunciare.
1239 2640 1346 2696 Vellem
1372 2654 1460 2709 nosse,
1487 2654 1524 2693 an
1551 2654 1646 2692 verum
1674 2636 1712 2693 sit

78 2724 250 2783 rnonadibus.
916 2729 1137 2786 Cardiualenr
1164 2729 1381 2784 'l‘urnonium
1401 2743 1419 2782 a
1437 2726 1574 2782 lardtauis
1594 2727 1623 2782 iu
1644 2726 1712 2783 urbe

121 2816 161 2870 At
175 2813 296 2887 inquies:
317 2816 432 2890 quidde
447 2820 508 2892 ipsa
522 2819 638 2876 aratoria
657 2819 750 2898 prima
766 2818 874 2873 animae
916 2819 1013 2874 lilaeao
1033 2818 1116 2875 fuisse
1136 2815 1292 2890 detentum,
1319 2822 1347 2872 et
1366 2833 1403 2872 an
1416 2833 1480 2872 cum
1500 2815 1531 2871 Ρ.
1552 2816 1713 2872 Prorana

78 2904 191 2976 propria
212 2904 350 2964 dioemus'i
380 2907 550 2982 Respondeo,
571 2925 633 2964 ram
654 2910 749 2981 utique
764 2907 875 2964 animae
916 2907 1022 2964 venerit
1040 2906 1157 2977 legatus
1171 2904 1338 2963 Monarolrae
1352 2904 1442 2978 Siniei,
1465 2910 1498 2961 ut
1511 2904 1649 2961 habebant
1663 2919 1712 2960 uo·

78 2993 228 3066 concreari,
244 3010 291 3051 seu
307 2995 454 3052 monadem
468 2999 555 3054 creari
571 3003 667 3055 totam.
712 2997 822 3067 Frgoue
835 2996 873 3052 sic
916 2998 1003 3054 vallae
1017 2997 1150 3066 iulgares.
1184 2995 1282 3068 Finge,
1303 2996 1405 3051 multos
1423 2994 1550 3049 Sineuses
1569 3010 1633 3049 rem
1652 3010 1712 3049 eam

78 3081 194 3136 nrateria
209 3083 298 3155 pn'rrm
312 3092 434 3159 augetur,
455 3090 484 3142 et
503 3087 652 3144 minuitur?
681 3087 789 3160 Fateor,
810 3101 874 3141 euru
916 3086 1087 3158 Idololatras,
1108 3084 1152 3140 vel
1172 3085 1256 3140 etiam
1277 3085 1393 3139 Atheos:
1416 3083 1518 3139 millieit
1532 3082 1641 3155 publiea
1656 3081 1712 3138 illie

78 3172 191 3227 nonsit
211 3171 265 3228 nisi
285 3174 407 3246 potentia
420 3177 531 3247 passim
553 3176 707 3249 primitiva:
729 3192 811 3248 ergo,
833 3174 874 3229 in·
915 3176 1063 3233 autoritate
1077 3174 1162 3230 alium
1182 3189 1292 3229 sensum
1307 3172 1438 3242 assignrari
1457 3170 1572 3242 ritibus,
1593 3186 1649 3243 qua
1669 3186 1713 3227 ra·

78 3259 166 3331 quies,
181 3266 210 3317 ot
224 3278 314 3318 massa
329 3269 449 3337 augetur.
480 3266 606 3321 concerto
620 3266 712 3338 augeri
728 3280 873 3321 uumemur
916 3266 990 3322 tione
1004 3264 1050 3319 via
1064 3263 1149 3318 etiam
1162 3263 1284 3336 operitur
1298 3261 1364 3334 ipsis
1375 3277 1484 3334 quoque
1497 3260 1611 3334 parisatis
1621 3277 1712 3316 emau-

77 3352 235 3425 monadum,
250 3368 366 3426 quarum
378 3355 540 3410 resultatum
550 3354 644 3426 ntique
657 3360 699 3409 est
710 3370 809 3427 massa,
825 3353 874 3408 sed
916 3354 990 3411 tibus
1004 3352 1041 3408 ab
1056 3368 1150 3407 errore
1165 3351 1322 3407 liberandis.
1355 3351 1435 3415 Quod
1451 3354 1589 3423 superest,
1610 3350 1672 3406 valo
1684 3353 1713 3404 et

77 3456 133 3496 nou
147 3441 347 3514 extensionem,
362 3445 390 3497 et
404 3442 596 3513 resistentiam,
611 3448 660 3498 aut
675 3443 873 3515 phaenomena,
916 3444 985 3499 lave.
1030 3438 1138 3497 Dabam
1154 3439 1316 3497 llauoverae
1332 3439 1383 3493 30.
1397 3439 1485 3512 April.
1504 3438 1542 3493 17
1547 3436 1599 3493 09.

77 3545 133 3585 non
148 3532 235 3602 magis
248 3548 333 3605 quum
352 3547 414 3587 eum
431 3548 504 3588 nova
519 3536 619 3606 puncta
633 3533 766 3587 oriuntur.
800 3532 873 3586 Deus
1359 3527 1551 3586 Deditissimus

77 3618 197 3677 infinitas
211 3621 343 3677 monades
357 3636 443 3678 novas
457 3637 551 3677 errare
566 3626 666 3695 posset,
678 3636 733 3676 uon
748 3619 873 3693 augendo
1215 3616 1332 3674 Godel.
1354 3616 1445 3672 Guil.
1467 3613 1675 3673 Loibnitius.

77 3723 212 3777 numm,
240 3710 265 3768 si
283 3710 319 3768 ad
339 3727 427 3769 uerae
452 3708 578 3769 monadis
597 3726 695 3786 eorpus
714 3709 872 3782 organicum
891 3707 896 3777 Ι
1708 3706 1712 3715 “
