3706 5828
106 316 170 382 158
709 327 739 382 1.
784 324 835 383 DE
857 325 938 384 lPSA
960 324 1123 382 NATURA.

105 472 200 542 natur,
222 469 269 524 sed
284 467 376 541 potius
391 467 549 524 adversatur
562 465 633 540 illis,
652 465 700 539 qui
714 466 796 523 rebus
809 465 894 523 actio·
943 466 1123 525 &entialiter
1136 464 1259 539 passivae
1275 480 1332 522 nen
1353 480 1433 538 posse
1453 475 1512 519 rem
1532 460 1645 518 redderc
1664 460 1732 518 acti·

103 574 169 613 nem
183 556 323 614 adimunt:
338 572 405 612 uam
418 571 502 628 quam
514 559 618 612 eertum
632 559 674 610 est
687 555 831 612 materiam
845 570 894 627 per
944 570 1016 611 vana
1059 554 1112 611 Sed
1130 554 1288 627 responderi
1307 553 1450 610 eonnnode
1463 554 1553 624 potest
1565 565 1602 605 ex
1623 553 1733 622 recepta

107 663 136 701 se
147 648 253 702 metum
264 662 321 701 non
331 644 458 717 incipere,
469 648 527 699 tam
536 647 640 699 eertum
651 647 701 716 est,
714 635 801 718 (quod
812 659 895 715 expe·
943 659 1002 700 noa
1021 642 1113 698 minus
1132 658 1216 714 quem
1233 658 1300 698 vera
1317 640 1500 715 philosophia:
1528 638 1670 694 mateiam
1690 638 1733 694 in-

106 735 223 791 rimcnta
249 734 334 789 ctiam
359 732 505 788 ostendunt
529 731 669 804 praeclasa
692 730 728 786 de
747 734 825 788 motu
843 731 895 785 im·
944 731 1031 805 telligi
1055 732 1100 787 vel
1118 730 1279 803 secundam,
1297 732 1342 786 vel
1358 729 1489 803 nimam,
1513 727 1660 783 secundam
1673 743 1734 782 esse

106 839 199 896 presso
213 826 348 878 amotore
361 819 507 891 uastam
521 835 620 893 cerpus
634 836 683 892 per
693 835 723 874 se
732 823 894 892 conceptum
944 820 1055 892 quidem
1070 819 1250 875 substantiam
1263 819 1435 891 completam,
1451 816 1499 873 sed
1511 832 1570 872 non
1584 831 1659 871 mere
1672 831 1733 887 pas·

107 912 190 967 semel
206 911 340 982 impetum
353 908 470 964 retinere
479 907 706 980 constansquein
720 907 832 964 levitate
845 923 895 963 sua
945 908 1049 979 uvam,
1071 907 1188 981 primam
1202 925 1260 963 eam
1274 924 1348 962 mere
1363 907 1518 979 passivam,
1540 903 1589 960 sed
1604 920 1661 958 non
1676 919 1734 958 asse

108 1015 178 1071 ame,
199 999 257 1055 siva
273 999 302 1053 in
315 996 365 1053 illa
379 996 440 1068 ipsa
453 996 613 1051 mutationis
626 1012 692 1052 suae
707 995 792 1068 serie,
812 1010 896 1068 quam
945 996 1110 1070 ‘completam
1129 995 1327 1067 abstentiam,
1349 995 1528 1065 aceedcreque
1548 992 1618 1048 adeo
1632 991 1733 1048 debere

109 1087 192 1143 semel
212 1091 253 1141 est
272 1085 437 1158 ingressum,
463 1084 655 1158 perseverandi
676 1083 776 1141 habere
796 1083 895 1139 nisum
945 1085 1081 1157 animam,
1106 1085 1150 1140 vel
1170 1087 1288 1141 formam
1307 1083 1416 1138 minae
1429 1082 1590 1154 analogum,
1612 1067 1734 1135 εὶέντε-

109 1177 185 1240 Quae
199 1174 293 1246 ntique
307 1173 459 1230 activitates
474 1177 557 1244 atque
571 1172 744 1247 entelechias,
763 1188 828 1230 eum
839 1188 897 1228 ma·
946 1157 1082 1241 λέχειαν
1110 1157 1172 1241 τήν
1197 1154 1334 1242 πρώτην,
1362 1172 1392 1228 id
1413 1175 1456 1226 est
1477 1169 1568 1225 nisum
1588 1167 1734 1240 quendam,

109 1262 194 1319 teriac
212 1262 317 1334 primae
336 1261 393 1317 sive
407 1259 498 1333 molis,
514 1261 554 1316 rei
568 1260 750 1317 essentialiter
763 1261 895 1334 passivae,
946 1277 995 1317 seu
1009 1261 1066 1316 vim
1076 1261 1176 1333 agendi
1186 1261 1363 1333 primitivam,
1379 1275 1448 1331 quac
1457 1259 1518 1331 ipsa
1531 1261 1573 1312 est
1586 1257 1633 1312 lex
1641 1255 1735 1327 insita,

110 1350 323 1408 rnoditicatiomas
333 1366 393 1405 esse
403 1365 459 1404 non
470 1348 584 1423 possint,
597 1343 897 1424 trtipraeelare(qnern-
921 1376 923 1400 ι
947 1352 1055 1405 ‹lecrcto
1080 1348 1174 1404 divino
1198 1348 1338 1421 impressa.
1387 1349 1413 1402 Α
1440 1362 1494 1418 qna
1518 1345 1653 1401 sententia
1678 1360 1736 1400 uon

110 1440 258 1495 nrlrnodnm
268 1443 397 1510 sequente
406 1439 574 1510 paragrapho
585 1432 718 1514 dicennus)
731 1438 767 1492 ab
783 1439 841 1511 ipso
853 1437 898 1506 jn·
921 1431 924 1481 ἶ
949 1443 1014 1511 puto
1028 1437 1173 1493 althorrere
1189 1438 1278 1492 virum
1292 1437 1424 1491 oelolnmn
1438 1440 1466 1491 et
1480 1434 1665 1505 ingeniosum,
1687 1433 1733 1505 qui

110 1527 290 1583 diriosimirno
311 1526 460 1581 Stnrnrio
475 1525 598 1597 agnitum
614 1530 670 1595 cst3
690 1526 811 1583 velitiae
824 1524 899 1595 judi-
948 1544 1035 1600 nuper
1049 1526 1185 1597 (blandit,
1207 1541 1304 1598 coquas
1319 1530 1445 1580 constare
1459 1540 1495 1578 ex
1509 1523 1624 1578 rrrateria
1638 1526 1667 1576 et
1681 1521 1736 1593 spi·

111 1616 165 1670 rari
188 1620 294 1688 potest,
315 1615 413 1670 debere
432 1614 605 1686 incorporea
620 1612 772 1669 substantia
786 1613 898 1687 releriri
922 1615 925 1689 j
949 1616 1018 1684 ritu3
1033 1615 1116 1669 modo
1131 1620 1252 1669 saturatur
1268 1613 1378 1685 spiritus
1393 1629 1449 1667 non
1460 1629 1510 1684 pro
1521 1628 1551 1666 rc
1561 1611 1736 1681 intelligente,

110 1704 287 1760 entelechiam
311 1703 443 1775 prinram,
469 1703 580 1758 tantilem
604 1699 725 1772 apere-1·
753 1687 899 1754 δεκτικὸν
923 1714 925 1721 “
951 1704 994 1772 (ut
1007 1703 1078 1758 alins
1093 1703 1175 1771 solet)
1191 1703 1238 1758 sed
1253 1719 1303 1773 pro
1318 1702 1418 1772 arrinra,
1441 1700 1484 1755 rel
1506 1702 1610 1755 tonnae
1628 1698 1738 1752 aninrac

111 1791 273 1864 activitatis3
292 1791 350 1846 vim
366 1791 467 1846 scilieet
481 1791 625 1848 metricam
639 1790 815 1863 primitivam,
830 1806 899 1862 quae
949 1792 1074 1864 analogo,
1100 1807 1151 1847 nee
1173 1807 1224 1862 pro
1245 1790 1362 1863 simplici
1381 1788 1597 1860 moditicatione,
1623 1786 1672 1842 sed
1685 1803 1738 1859 pro

111 1883 220 1954 plraeter
239 1879 429 1936 extensionem
449 1877 518 1947 (seu
538 1879 567 1935 id
589 1878 663 1951 quod
685 1883 728 1935 est
742 1894 817 1935 mere
837 1893 900 1951 geo·
949 1879 1126 1937 constitutivo
1140 1879 1314 1935 substantiali
1329 1881 1531 1951 perseverante,
1552 1874 1626 1948 quod
1640 1875 1738 1930 Mona·

111 1969 309 2041 metricum)et
322 1971 430 2040 praeter
443 1967 544 2023 molem
558 1965 626 2035 (seu
639 1966 668 2022 id
682 1967 756 2039 quod
771 1971 813 2022 est
826 1982 901 2023 mere
951 1969 993 2025 dis
1014 1967 1126 2024 nomine
1145 1969 1283 2041 appellare
1303 1967 1392 2040 soleo,
1414 1966 1444 2021 in
1463 1981 1518 2037 quo
1532 1968 1575 2019 est
1587 1964 1663 2018 velut
1677 1979 1739 2035 per·

111 2049 272 2132 materiale)
291 2054 478 2129 superaddita,
503 2071 610 2127 semper
627 2054 739 2126 quidem
757 2055 828 2128 agit,
853 2054 900 2110 sed
950 2057 1048 2130 ceptio,
1071 2060 1100 2111 et
1120 2056 1265 2129 appetitus.
1309 2056 1384 2112 llaec
1402 2071 1467 2127 ergo
1481 2057 1587 2125 recepta
1602 2050 1738 2123 doctrina,

112 2150 206 2202 tamen
226 2144 301 2200 varia
320 2159 357 2199 ex
377 2159 522 2216 corporum
535 2142 711 2199 concursibus
726 2159 775 2216 par
788 2147 902 2200 conatus
950 2151 979 2202 et
998 2144 1151 2201 scholarum
1171 2144 1293 2217 dognmti
1311 2144 1427 2216 benigno
1447 2140 1584 2214 emilieato
1596 2142 1741 2196 consenta-

112 2234 265 2306 impetnsve
283 2227 461 2288 modificatae.
504 2233 596 2304 Atque
609 2231 661 2288 lroc
673 2232 765 2305 ipsum
777 2232 903 2288 substan·
951 2249 1018 2306 nea,
1036 2233 1182 2290 refutanda
1203 2237 1246 2288 est
1264 2232 1353 2307 prius,
1372 2235 1406 2288 ut
1418 2233 1607 2303 argumentum
1619 2229 1672 2284 viri
1684 2228 1740 2283 cla·

113 2321 180 2377 tiele
193 2320 358 2394 principium
372 2324 430 2395 est,
453 2319 527 2392 quod
541 2320 571 2375 in
585 2319 740 2376 viventibus
755 2320 856 2393 anima,
871 2320 902 2376 in
951 2321 1054 2380 tissimi
1066 2322 1125 2377 vim
1138 2320 1238 2379 habere
1251 2321 1354 2394 possit,
1376 2318 1605 2392 queaadnodum
1628 2322 1658 2373 et
1674 2316 1741 2372 irinc

112 2409 176 2466 aliis
190 2413 279 2467 torma
288 2409 476 2465 substantialis
484 2409 645 2482 appellatur,
660 2413 688 2464 ct
697 2414 830 2481 quatenus
839 2424 903 2466 eum
952 2415 1042 2484 patet,
1056 2426 1114 2466 non
1127 2426 1207 2483 pesse
1221 2410 1346 2482 concedi,
1362 2409 1436 2481 qum
1448 2407 1591 2479 assumsit,
1610 2404 1741 2478 quiequid

113 2497 229 2555 materia
249 2497 432 2554 substantiam
450 2513 514 2553 vere
527 2513 627 2569 unam,
647 2497 696 2553 sed
712 2513 798 2553 namn
812 2515 861 2572 per
873 2514 903 2554 se
952 2503 995 2556 et
1009 2497 1206 2555 insubstantia
1219 2513 1362 2572 eor-porea,
1382 2513 1441 2552 esse
1455 2495 1586 2551 materiae
1603 2493 1742 2549 modifica·

117 2586 272 2658 constituit,
298 2586 328 2642 id
354 2586 420 2642 lacit
443 2584 517 2658 quod
542 2602 594 2659 ego
614 2586 761 2643 monadem
780 2586 903 2661 appello,
953 2588 1067 2644 tionem.
1094 2585 1200 2642 Notum
1213 2591 1255 2643 est
1267 2587 1350 2658 enim,
1364 2586 1472 2642 animas
1485 2584 1575 2639 inesse
1588 2581 1741 2638 viventium

113 2690 177 2731 cum
196 2674 311 2730 sublatis
331 2674 374 2729 his
388 2691 465 2748 vere,
487 2677 515 2730 et
528 2673 648 2731 realibus
661 2674 826 2749 unitatibus,
846 2691 905 2730 non
953 2676 1112 2748 corporibus
1126 2675 1274 2731 secundum
1287 2678 1423 2747 receptam
1437 2671 1649 2746 plrilosoplriam,
1669 2686 1741 2742 quaa

115 2762 169 2819 nisi
183 2763 257 2818 entia
270 2778 319 2836 per
333 2762 568 2835 aggregationem,
584 2763 641 2818 imo
655 2763 728 2834 quod
738 2763 801 2819 hinc
817 2763 905 2836 sequi·
953 2765 1049 2836 utique
1074 2763 1290 2821 modificationes
1316 2780 1374 2818 non
1394 2766 1466 2818 sunt
1510 2761 1586 2816 lieet
1604 2759 1679 2815 enim
1697 2757 1741 2814 vir

115 2856 161 2907 tur
174 2851 250 2905 nulla
272 2865 336 2905 vera
349 2851 425 2905 entia
438 2850 468 2905 in
482 2850 642 2924 corporibus
655 2850 711 2906 sint
724 2853 904 2924 superlbbna.
954 2853 1077 2926 egregius
1090 2853 1257 2909 contrarium
1267 2856 1393 2923 statuere,
1404 2865 1567 2922 omnemque
1579 2849 1638 2905 vai
1651 2846 1742 2903 nomi·

115 2937 176 2995 Etsi
190 2938 266 2993 enim
280 2938 378 2993 dentur
391 2939 478 2994 atomi
489 2939 667 3011 substantiae,
679 2944 788 2996 nostrae
801 2939 904 2996 seilicet
955 2941 998 2998 nis
1016 2957 1128 2996 sensum
1146 2941 1312 2997 animalibus
1332 2939 1420 2995 brutis
1438 2940 1613 3009 animamque
1631 2936 1743 3009 proprio

116 3028 247 3083 monades
272 3024 396 3098 partibus
416 3031 554 3101 carentes,
583 3027 675 3083 nullae
693 3031 788 3084 maren
806 3028 906 3084 dantur
956 3029 1058 3086 dictam
1076 3029 1197 3086 adimere
1216 3029 1354 3100 videmur,
1376 3027 1539 3084 senteadam
1560 3030 1653 3081 mareu
1673 3025 1743 3080 hauc

115 3115 203 3172 atomi
221 3114 316 3186 molis,
336 3130 384 3170 seu
404 3114 535 3170 minimae
548 3115 731 3188 extensionis,
750 3116 795 3171 vel
808 3116 907 3172 ultima
955 3134 1007 3192 pro
1026 3117 1205 3174 mudameuto
1218 3117 1458 3176 demonstrationis
1471 3131 1610 3172 assumere
1622 3130 1680 3170 non
1694 3129 1744 3186 pe-

116 3203 266 3275 elementa3
288 3217 351 3258 cum
368 3218 406 3259 ex
424 3203 532 3277 punctis
551 3202 711 3259 continuum
726 3220 782 3259 non
796 3220 907 3278 compo·
956 3209 1024 3280 test,
1045 3211 1193 3279 antequam
1207 3205 1267 3279 ipsa
1280 3205 1504 3281 demonstretur.
1532 3203 1570 3260 at
1586 3207 1682 3258 eontra
1694 3218 1744 3275 po-

117 3296 207 3348 natur.
251 3291 366 3348 Prursus
387 3290 429 3346 uti
448 3291 555 3346 uullmn
569 3291 650 3347 datur
668 3309 717 3348 ens
731 3292 805 3348 mele
818 3293 908 3350 maxi·
957 3295 1012 3350 tius
1026 3294 1153 3368 arbitror,
1176 3311 1265 3367 neque
1278 3294 1377 3367 ordini,
1392 3309 1480 3365 neque
1493 3291 1687 3366 pulchritudini
1699 3306 1744 3345 ra·

117 3395 207 3453 mum,
233 3379 278 3435 vel
298 3379 460 3436 extensione
477 3378 628 3453 inlinitum,
654 3380 707 3436 etsi
726 3396 833 3455 semper
851 3382 908 3438 alia
957 3383 1061 3440 tiouive
1074 3400 1166 3439 rerum
1181 3399 1240 3439 osse
1252 3387 1474 3454 consentaneum,
1489 3386 1521 3436 nt
1535 3380 1618 3436 vitale
1631 3378 1745 3452 aliquid,

117 3469 182 3525 aliis
207 3466 313 3536 majora
338 3467 450 3540 desim,
477 3467 526 3524 sed
550 3467 630 3525 datur
655 3472 762 3524 tantum
782 3487 831 3526 ens
850 3486 909 3526 ma·
958 3488 1005 3528 seu
1026 3472 1207 3528 immanenter
1229 3487 1312 3544 agens
1331 3472 1368 3527 sit
1387 3471 1417 3526 in
1430 3471 1531 3542 exigam
1543 3472 1652 3524 tantum
1666 3471 1746 3540 parte

118 3558 226 3613 nimum
248 3555 402 3613 intemioue
421 3555 611 3631 peractione,
631 3573 679 3614 seu
699 3556 836 3615 infinitum
854 3558 909 3615 vir·
958 3561 1101 3634 naariae,
1120 3577 1183 3616 cum
1198 3559 1234 3616 ad
1248 3559 1381 3630 maiorem
1393 3558 1586 3632 pmrteefionem
1598 3557 1744 3630 pertineat,

117 3649 186 3703 tute·
884 3714 889 3723 g
958 3653 990 3705 ut
1004 3649 1041 3705 sit
1054 3650 1083 3705 in
1097 3648 1190 3719 omniq
1209 3664 1297 3722 neque
1311 3648 1456 3721 quiequam
1466 3647 1567 3719 obstet,
1583 3662 1638 3717 quo
1654 3645 1746 3700 mium

167 3733 217 3790 12.
237 3731 326 3791 maso
346 3737 439 3790 tamen
454 3733 661 3790 celeberrimum
674 3733 863 3791 Sturmium
879 3733 909 3791 iu
959 3737 1061 3810 ubique
1077 3737 1135 3793 sint
1155 3737 1263 3793 animae
1282 3741 1332 3793 aut
1344 3737 1461 3809 analoga
1475 3736 1572 3791 saltem
1586 3733 1746 3805 animabis,

119 3822 168 3877 lrac
193 3821 254 3894 ipsa
273 3822 465 3879 ‹lissertatione
486 3823 656 3895 apologetica
680 3839 751 3897 cap.
774 3823 802 3878 4.
829 3819 855 3887 1.
880 3823 908 3879 7.
959 3827 1010 3883 etsi
1032 3826 1205 3883 dominantes
1225 3826 1347 3897 animae,
1367 3829 1449 3897 atque
1468 3825 1537 3880 adeo
1551 3823 1745 3895 intelligentes,

119 3913 148 3964 et
158 3924 232 3980 seqq.
248 3909 359 3966 insitam
373 3910 532 3984 corporibus
547 3911 605 3967 vim
615 3911 758 3968 metricam
768 3927 909 3984 argumen-
959 3915 1054 3987 quales
1066 3901 1131 3971 sunt
1144 3916 1286 3987 humanae,
1301 3914 1403 3986 ubique
1415 3930 1473 3969 esse
1486 3929 1544 3968 non
1558 3911 1674 3984 possint.

120 3997 158 4052 tis
182 3997 346 4068 quibusdam
371 3999 532 4072 impugnare
554 4015 717 4074 aggressum.
760 3999 805 4055 Ex
822 4000 910 4056 abun·
1007 4003 1056 4059 13.
1069 4002 1207 4060 Posterius
1215 4001 1485 4076 argrrmentumquod
1500 4018 1535 4057 ex
1546 4005 1645 4056 natura
1654 4007 1748 4056 motus

120 4084 212 4156 danti,
232 4085 334 4160 inquit,
354 4087 398 4143 lrie
418 4088 560 4144 ostendam
565 4127 574 4161 ,
600 4105 636 4145 uc
654 4104 781 4161 mqraeem
799 4088 910 4160 quidem
960 4091 1045 4147 sumit
1055 4091 1097 4148 vir
1107 4092 1141 4147 cl.
1151 4090 1293 4165 majorem,
1308 4095 1340 4146 ut
1350 4090 1418 4146 nihi
1432 4090 1542 4162 quidem
1551 4089 1668 4161 videtm,
1683 4104 1747 4145 mn·

120 4188 179 4229 esse
189 4173 371 4229 substantiam
380 4191 539 4248 corpoream
550 4177 688 4250 potentiae
698 4175 813 4246 alimq'us
823 4177 912 4233 active
960 4179 1087 4236 cludendi
1100 4178 1291 4236 neoesiamn
1306 4195 1362 4235 uon
1377 4179 1468 4237 labet.
1512 4179 1620 4235 Motum
1633 4177 1674 4232 ait
1687 4194 1748 4234 esse

121 4260 251 4319 metricis.
294 4263 457 4334 Quanquam
471 4281 522 4336 ago
537 4281 595 4320 non
608 4265 725 4338 capiam,
741 4281 812 4338 quae
825 4265 912 4338 possit
961 4268 1141 4325 suoooesivam
1154 4271 1261 4323 tantum
1271 4268 1311 4323 rei
1327 4270 1418 4323 motae
1432 4266 1463 4323 in
1477 4267 1592 4323 diversis
1605 4265 1674 4322 loeis
1688 4265 1748 4322 exi-

121 4367 181 4405 esse
194 4349 318 4421 potentia
331 4366 389 4404 non
402 4350 491 4407 active
505 4353 616 4408 rnotrix.
642 4353 762 4410 Gemino
775 4357 868 4409 autem
882 4369 912 4408 sc
962 4357 1099 4413 stantiam.
1131 4354 1317 4412 Csnoedamm
1330 4355 1382 4411 hoc
1395 4355 1520 4428 autenm,
1535 4360 1563 4412 et
1577 4354 1601 4409 si
1616 4370 1674 4410 non
1688 4370 1748 4410 om·

121 4452 233 4494 usinum
251 4436 292 4493 ait
311 4442 489 4511 argumento,
508 4455 565 4496 uno
584 4456 603 4495 a
616 4445 715 4499 natma
732 4440 865 4496 materiae
883 4444 913 4496 et
961 4444 1029 4500 nino
1042 4443 1198 4516 mtislaciat,
1217 4444 1357 4516 magisque
1370 4443 1413 4518 id,
1434 4444 1509 4516 quod
1522 4460 1559 4500 ex
1572 4447 1650 4498 motu
1663 4444 1748 4499 resul-

121 4525 260 4599 corporis,
278 4526 365 4582 altero
385 4543 422 4583 ex
440 4529 539 4583 natrua
559 4532 658 4584 motus
701 4528 781 4586 Prius
800 4529 852 4584 huc
871 4544 913 4586 rc·
962 4535 1017 4606 tat,
1037 4546 1121 4604 quam
1138 4531 1226 4605 ipsam
1241 4532 1294 4602 (ut
1306 4534 1419 4603 vocant)
1434 4533 1577 4591 formalem
1592 4530 1651 4600 ejus
1665 4531 1749 4588 ratio·

122 4615 178 4671 dit:
204 4613 348 4669 uatcdam
362 4619 525 4671 manatura
538 4619 567 4671 et
582 4616 762 4674 essentialiter
776 4616 913 4690 passivam
961 4636 1026 4676 nem
1040 4619 1192 4694 exprimat,
1205 4637 1264 4677 non
1276 4621 1339 4678 ideo
1354 4625 1446 4677 tamen
1460 4621 1612 4679 excluditur
1631 4620 1674 4674 vis
1690 4636 1749 4677 mo·

123 4719 182 4759 esse
195 4701 391 4775 substantiam,
406 4702 499 4774 itaque
512 4703 567 4776 ipsi
583 4703 642 4760 dari
656 4704 714 4760 vim
727 4705 846 4761 activam
855 4722 912 4763 non
962 4708 1027 4765 tria
1054 4707 1127 4764 Nam
1146 4724 1205 4765 uon
1218 4714 1327 4766 tantum
1339 4726 1437 4783 eorpus
1452 4709 1587 4784 praesenti
1601 4708 1643 4763 sui
1657 4713 1750 4764 motus

124 4791 212 4865 araga
232 4807 291 4846 aa
304 4790 448 4864 malane,
468 4806 551 4863 quaa
565 4792 590 4848 a
604 4792 679 4848 neus
691 4793 826 4867 uptam,
847 4793 913 4852 aum
963 4801 1103 4853 nomena
1112 4797 1185 4853 aas
1194 4798 1224 4854 n
1234 4799 1295 4855 1000
1305 4799 1358 4855 aar
1368 4785 1593 4870 amesseae,
1607 4797 1655 4853 soa
1666 4797 1750 4853 auam

123 4880 194 4953 lapis
213 4882 320 4951 manet,
345 4880 412 4935 velit
432 4895 491 4935 esse
511 4879 623 4937 vitalem
641 4887 670 4937 ct
682 4882 862 4956 rationalem,
883 4884 914 4941 id
963 4889 1092 4942 oonatnm
1109 4886 1207 4959 habet,
1227 4903 1275 4944 seu
1294 4888 1383 4943 nisum
1403 4887 1527 4944 mutandi
1540 4888 1644 4958 locum,
1665 4885 1705 4941 ita
1719 4890 1752 4941 ut

125 4972 166 5023 cst
177 4984 234 5025 non
244 4967 379 5042 lapidem=
400 4966 500 5023 deinde
515 4983 586 5040 quae
599 4969 631 5025 in
644 4985 757 5043 corpore
767 4977 914 5047 ponantru,
963 4978 1050 5031 status
1063 4990 1178 5047 sequens
1192 4991 1229 5031 ex
1242 4976 1378 5050 praesenti
1391 4993 1440 5050 per
1454 4993 1485 5032 se
1504 4980 1618 5032 naturae
1637 4974 1666 5028 vi
1685 4990 1750 5030 oon-

126 5072 158 5111 ω
178 5072 237 5112 esse
256 5059 364 5112 tantum
384 5056 759 5131 anathematisamus,
778 5060 917 5118 modifica·
965 5067 1109 5136 sequatur,
1130 5063 1234 5136 alioqui
1254 5064 1390 5138 praesenti
1405 5069 1545 5120 momento
1566 5056 1666 5139 (atquc
1679 5063 1750 5120 adeo

126 5144 231 5202 tionem
251 5149 350 5245 autem¹
363 5141 459 5222 (quod
473 5145 584 5221 pulchre
597 5147 702 5206 dictum
715 5144 856 5225 agnosco)
875 5149 917 5208 rei
967 5155 1108 5211 memerato
1121 5151 1239 5227 quovis)
1257 5169 1355 5229 eorpus
1369 5154 1408 5227 A,
1427 5153 1500 5227 quod
1521 5156 1646 5210 movotm
1659 5168 1678 5209 a
1691 5168 1752 5209 eor·
