3706 5828
493 358 582 420 exn.
627 358 680 419 AI)
700 360 769 420 ΒΕ
789 360 916 419 BIEIB
934 358 1138 418 misnense
1158 359 1236 417 I-
1252 361 1327 419 VIII.
1643 352 1712 421 43⁵

82 505 237 564 debeamus
258 505 337 572 Quae
350 508 447 560 onuba
460 502 637 577 objIeiuntnr,
657 503 875 577 responsionem,
915 510 945 560 et
957 503 1051 560 omnia
1065 518 1101 558 ex
1119 503 1255 559 sententia
1268 519 1345 576 geue,
1369 509 1403 560 ut
1418 502 1572 577 respubliua
1587 505 1710 566 lita-aria

81 598 112 655 ni
122 597 212 669 fallor,
223 593 389 668 partiuntur,
399 590 508 648 etlalsis
516 592 711 667 hypothesibus
720 592 875 650 nitisolent.
915 593 971 649 tab
1003 591 1151 666 praeclaris
1187 592 1421 649 lucubrationibus
1457 599 1563 651 mature
1592 597 1708 669 ituatur,

125 685 190 741 Non
208 685 290 740 datur
308 696 466 755 progressus
479 681 509 737 in
528 681 666 737 iullnitum
679 682 710 737 in
723 682 876 740 rationibus
915 686 945 738 et
971 681 1040 738 mibi
1067 682 1161 738 farma
1189 698 1278 755 perge
1327 682 1436 738 Dabam
1464 683 1626 740 Hmoverae
1658 687 1709 743 ll.

82 773 278 830 universalium
297 786 347 826 seu
366 775 537 826 aeternamm
557 770 713 844 veritatum,
732 770 816 828 datur
834 775 875 827 ta·
915 771 996 829 I'ebr.
1014 770 1108 828 1106.

82 880 147 920 men
166 863 197 918 in
209 860 365 918 rationibm
377 859 562 929 siugulatim.
600 858 665 916 ideo
684 860 714 921 si,
727 859 875 930 singularIa
1359 858 1553 917 Deditimimns

82 968 100 1009 a
115 956 206 1008 mente
223 955 316 1006 ereata
329 949 446 1022 pentoma
459 947 592 1021 explieari
605 953 654 1005 ant
666 949 727 1022 sapi
741 942 797 1005 non
810 964 876 1022 pos·
1233 946 1354 1004 Godet.
1376 948 1459 1004 Guil
1479 948 1689 1007 Leibnitina

83 1045 155 1114 eunt,
171 1039 237 1112 quia
252 1035 386 1094 iutluitum
401 1037 551 1093 tuvolvuut
594 1035 707 1107 Majora
722 1036 842 1111 pendent
856 1052 875 1092 a
960 1037 991 1093 P.
1005 1038 1033 1093 S.
1054 1036 1125 1093 cnm
1135 1036 1237 1109 ubique
1245 1035 1380 1093 Momdes
1393 1052 1442 1092 seu
1453 1037 1588 1112 prIueIpia
1596 1040 1711 1097 unItatis

83 1129 246 1201 minoribm,
261 1131 290 1183 at
303 1127 371 1182 baeu
383 1125 421 1183 ab
433 1125 498 1181 aliie
511 1127 599 1182 edbns
612 1126 773 1183 minoribus.
917 1124 1105 1182 substantialis
1117 1126 1173 1182 siut
1187 1125 1217 1182 in
1231 1126 1355 1200 mamm,
1374 1126 1549 1199 consequitur
1566 1127 1630 1184 hine
1643 1144 1710 1201 qun-

128 1216 286 1275 Seholastiei
310 1213 460 1287 aliquando
483 1216 601 1272 tortasw
625 1215 777 1288 potentiam
798 1214 877 1271 iutel-
917 1230 972 1288 ῳο
994 1215 1133 1271 infinitum
1151 1219 1215 1270 antu
1239 1215 1315 1286 dari3
1341 1230 1407 1271 nam
1424 1216 1502 1272 nulla
1521 1230 1587 1288 pars
1604 1222 1648 1274 est
1664 1224 1713 1277 ant

83 1311 186 1381 lesere,
203 1321 274 1379 quae
293 1308 364 1360 esset
376 1319 439 1359 mm
452 1309 569 1376 eonatn3
587 1305 770 1361 eommuniter
783 1309 877 1360 tanuen
917 1320 983 1378 pars
996 1304 1084 1378 partis
1095 1319 1168 1377 qnae
1180 1320 1239 1360 non
1251 1303 1383 1361 monades
1395 1305 1543 1362 eontineat.

83 1414 143 1456 ram
156 1397 237 1453 aliter
253 1393 388 1467 annspIase
401 1397 510 1466 putem3
524 1394 563 1450 sle
576 1391 708 1450 ltievilss
721 1394 752 1450 iu
766 1393 878 1450 bomIne

84 1487 180 1559 (vulgo
195 1482 361 1551 Riribilitas)
376 1497 432 1538 non
446 1482 580 1553 signifieat
594 1482 712 1539 rismum
727 1483 875 1554 homiuem,
1236 1501 1396 1512 ----

83 1577 107 1632 si
123 1590 204 1631 neno
222 1570 371 1645 impediam
392 1570 442 1628 sed
461 1571 589 1645 rbnmm,
610 1572 635 1627 si
649 1572 755 1628 oseasIo
768 1571 877 1627 rirlerdi

82 1665 223 1721 otientur.
267 1660 363 1732 ltaque
380 1676 444 1717 enm
462 1660 617 1734 potentiam
636 1661 773 1733 requisitis
787 1660 877 1718 omni-
1146 1655 1170 1713 E
1183 1656 1207 1712 P
1220 1655 1266 1713 IS
1280 1655 1306 1711 Τ
1319 1656 1345 1713 0
1359 1656 1384 1713 1.
1397 1657 1424 1713 A
1451 1655 1487 1713 Π.

82 1753 136 1808 bus
149 1751 247 1826 positis
259 1747 411 1806 neoemarid
425 1765 506 1821 agere
519 1749 623 1824 dhare,
643 1749 716 1806 iuter
735 1750 877 1824 requisita,

82 1842 175 1913 eredo,
189 1855 305 1914 posrrere
319 1839 491 1895 mansionem
505 1838 704 1895 sollicitantem.

127 1930 285 1987 violentum
298 1926 416 1983 admitto
426 1928 529 2002 ntique,
544 1942 633 2000 neque
645 1944 663 1985 e
673 1929 812 1985 eommnni
822 1943 878 1983 ser·
964 1923 1024 1979 Hoc
1038 1921 1215 1978 iuoommodo
1228 1925 1360 1997 tempore,
1376 1922 1541 1979 valetndlnia
1552 1935 1634 1979 musa
1646 1935 1716 1989 uon·

85 2036 166 2078 mnne
180 2016 360 2075 medendum
370 2023 447 2090 puto,
462 2017 555 2089 quiad
570 2017 731 2091 apparentia
744 2018 877 2088 retertur3
920 2012 988 2069 nibil
1008 2011 1105 2067 distuli
1123 2012 1184 2067 iter.
1216 2011 1286 2068 (brun
1305 2012 1491 2069 dubitationes
1509 2017 1573 2069 tuae
1592 2026 1636 2066 res
1654 2025 1716 2081 gra·

84 2127 120 2167 οο
137 2111 194 2165 lere
215 2106 309 2180 modo,
327 2121 384 2178 qno
401 2107 635 2180 Cupernioani
655 2106 691 2161 do
711 2110 789 2162 motu
809 2105 879 2161 Solis
920 2101 1047 2157 vissimas
1064 2107 1093 2156 et
1112 2100 1288 2157 difficillimas
1307 2101 1459 2176 attingant,
1485 2102 1568 2174 aequi
1594 2099 1716 2173 bonique

84 2200 232 2272 loquuntur
249 2211 312 2252 enm
332 2196 422 2267 vulgo.
466 2195 556 2252 Simili
581 2194 665 2252 modo
684 2195 824 2269 loquImnr
843 2193 879 2250 de
920 2191 1053 2263 eonsules,
1075 2190 1099 2244 si
1114 2193 1262 2263 praestent,
1282 2206 1339 2246 non
1353 2206 1424 2262 qnae
1437 2192 1558 2264 postulat
1573 2189 1613 2246 rei
1626 2188 1716 2260 digni

81 2289 323 2345 cenationum.
921 2284 980 2355 tas,
999 2279 1140 2352 exigitque
1157 2294 1272 2334 oenmen
1291 2284 1383 2353 tuum,
1409 2280 1457 2336 sed
1475 2296 1545 2354 quae
1564 2281 1657 2337 lerunt
1675 2277 1716 2334 ri·

128 2377 160 2433 ln
175 2381 252 2431 mota
261 2371 382 2429 concedo
392 2369 487 2442 ntique
499 2388 559 2427 esse
572 2371 676 2445 aliquid
686 2372 760 2430 ultra
771 2371 829 2428 vim
843 2371 879 2427 ad
921 2386 965 2425 ras
978 2384 1065 2424 meae.

84 2465 265 2523 mutationem
278 2464 421 2530 manem,
434 2448 535 2535 nempe
549 2462 637 2535 Ipsam
651 2461 841 2518 mutationem.
967 2458 1022 2514 Ins
1040 2461 1070 2512 et
1083 2470 1168 2512 uuum
1181 2458 1387 2530 eonvertuntur,
1402 2456 1451 2512 aed
1465 2461 1497 2512 ul
1509 2456 1592 2512 datur
1605 2471 1653 2511 ens
1666 2471 1716 2529 pes

128 2554 161 2610 ln
181 2567 252 2624 aqua
269 2566 326 2607 non
347 2549 435 2619 magis
448 2551 655 2606 substantIalem
673 2550 807 2607 unitatem
821 2565 880 2606 esse
921 2545 1150 2620 aggregationem,
1170 2545 1210 2601 ita
1224 2549 1252 2600 et
1266 2561 1360 2619 unum,
1375 2546 1428 2602 etsi
1442 2546 1509 2602 baec
1523 2545 1640 2618 Entitas,
1654 2543 1717 2601 nui-
1766 2622 1769 2628 Ι

1051 1777 1244 1836 PlurImnm
1266 1779 1457 1838 reverende
1477 1780 1588 1837 Pater.

84 2647 166 2717 puto,
191 2656 274 2715 quam
299 2640 328 2696 in
352 2654 435 2710 grege
453 2639 568 2712 piscium
589 2639 679 2697 eidem
699 2639 819 2714 piscinas
837 2640 881 2695 in·
922 2641 1032 2708 tanqua,
1047 2635 1084 2690 sit
1098 2633 1304 2690 semImentaIIs.

83 2730 247 2788 natantium.
967 2724 1081 2781 Numeri
1095 2723 1225 2797 unitates,
1246 2723 1401 2797 fractiones,
1416 2727 1543 2781 naturam
1557 2721 1659 2779 babent
1672 2737 1716 2779 re·

128 2821 197 2876 (hm
222 2819 345 2876 animam
371 2814 440 2873 nibil
466 2818 495 2875 in
516 2818 633 2875 materia
657 2818 806 2891 producere
823 2817 880 2891 aio,
921 2814 1064 2871 latiouum.
1095 2814 1133 2870 El
1146 2828 1180 2869 ea
1192 2818 1274 2868 tenne
1287 2812 1380 2885 aliquo
1394 2812 1478 2869 modo
1492 2812 1574 2871 anea
1582 2809 1718 2884 appellari

86 2901 194 2966 tantem
207 2908 332 2979 intelligo
345 2924 395 2981 par
408 2907 530 2963 aninam
545 2923 602 2962 non
616 2908 717 2964 mnmri
733 2908 807 2977 leges
820 2922 880 2963 ruo·
922 2908 1043 2978 possunt.
1065 2902 1176 2959 Fractio
1188 2901 1303 2958 inlatis
1316 2918 1373 2959 non
1387 2903 1480 2959 miuus
1493 2906 1536 2958 est
1549 2917 1634 2957 unum
1651 2901 1717 2966 Ena.

85 3005 163 3056 tunm
182 2997 344 3054 materiales.
390 2995 503 3069 Alioqui
529 2996 623 3053 anima
648 3002 691 3053 eat
715 2995 880 3069 Enteleelda,
922 3008 1006 3066 quam
1019 2992 1081 3065 ipsa
1094 2991 1191 3048 unitae
1219 2990 1278 3047 Nae
1291 2990 1442 3064 putandum
1456 2995 1498 3071 est
1511 2991 1645 3048 unitatem
1659 2991 1717 3049 lor-

85 3105 132 3144 sen
146 3087 268 3160 potentia
277 3086 368 3143 aetina
377 3085 518 3159 primitiva
528 3085 559 3143 in
569 3085 725 3142 substantia
738 3100 880 3159 eoanea,
923 3081 1024 3138 nalem
1041 3098 1101 3138 eme
1115 3085 1295 3153 aggregamm
1313 3080 1493 3153 medanum,
1514 3096 1578 3137 mm
1597 3079 1718 3153 simplex

85 3195 135 3252 per
148 3192 232 3249 qnam
247 3175 370 3247 materia,
385 3191 432 3231 sen
443 3174 566 3243 ejusdem
580 3175 748 3231 snbstantias
757 3174 881 3247 potentia
922 3172 959 3228 sit
977 3169 1038 3239 ejus
1051 3169 1139 3242 notin,
1157 3167 1323 3225 eonvenleus
1343 3169 1530 3227 divIsibilibns
1553 3174 1583 3225 et
1595 3168 1718 3226 Iudirisi·

85 3266 192 3340 pasena
206 3265 348 3339 primitiva
361 3263 508 3338 perlinitur,
522 3269 551 3321 et
565 3265 663 3321 borum
678 3262 881 3337 primitivorum
922 3260 1039 3332 bilibus,
1065 3263 1095 3315 et
1116 3257 1326 3314 indivisibilium
1350 3259 1427 3315 nulla
1446 3260 1483 3317 sit
1503 3259 1609 3316 nautio.
1658 3257 1718 3314 Etsi

86 3355 287 3412 modificatione
307 3355 337 3409 in
357 3354 417 3427 Ipsa
437 3353 591 3411 substantia
604 3368 736 3428 corporea
750 3353 881 3427 amensa,
923 3348 1074 3407 materialis
1087 3347 1187 3420 unitas,
1203 3363 1250 3404 seu
1259 3346 1290 3403 iu
1299 3348 1493 3406 aeuexaeito
1508 3347 1568 3417 (sed
1578 3348 1610 3404 in
1619 3362 1720 3420 Βοοοω

85 3445 277 3519 passionesque
291 3448 447 3499 naoenntrn.
923 3431 1046 3513 simpla)
1060 3436 1134 3510 apud
1144 3436 1340 3493 Arithmetioos
1348 3453 1386 3493 ex
1395 3436 1500 3495 duabus
1514 3435 1719 3508 medietatibus,

129 3533 314 3591 Stnrmiurn
334 3537 402 3603 puto
423 3531 505 3587 luisse
525 3535 665 3588 amantem
679 3530 813 3603 veritatis,
834 3529 882 3585 sed
924 3543 988 3584 enm
1008 3525 1160 3596 subjeetum
1180 3541 1276 3582 aarum
1295 3540 1384 3598 oepax
1402 3531 1454 3600 est,
1473 3531 1667 3599 componatur,
1686 3530 1718 3581 nt

86 3620 261 3696 praejudieiIs
279 3625 440 3692 occupatum
462 3635 523 3675 mea
543 3634 599 3674 non
613 3622 680 3674 satis
694 3623 799 3675 attente
817 3635 883 3675 eon·
924 3616 962 3672 eit
980 3609 1003 3689 ὲ
1022 3620 1066 3680 ÷
1081 3607 1163 3692 {z
1180 3613 1212 3687 1,
1240 3629 1288 3669 aso
1308 3613 1348 3670 ita
1366 3614 1444 3672 verbi
1465 3615 1562 3685 gratia,
1588 3617 1619 3670 ut
1639 3612 1719 3669 valor

86 3710 229 3766 siderasse.
925 3703 1233 3779 grossisitaggregatnm
1242 3702 1345 3759 valoris
1354 3703 1473 3760 duorum
1482 3702 1719 3775 semigroasomm.

131 3798 347 3870 Reqronsionem
360 3795 397 3852 ad
411 3795 618 3853 Turnamini
633 3793 815 3864 objectionem
829 3794 884 3864 (sio
924 3795 1068 3851 caeterum
1085 3807 1138 3862 ego
1157 3790 1193 3848 de
1217 3791 1379 3849 substantiIs
1404 3791 1545 3864 loquebar.
1582 3790 1719 3848 Animalia

85 3889 152 3945 satis
162 3887 223 3956 J'am
239 3891 367 3959 ederem,
381 3885 428 3941 aad
439 3884 508 3940 milri
520 3884 607 3940 aerius
616 3880 807 3958 observatam)
819 3884 883 3940 misi
924 3883 1008 3955 igitur
1020 3880 1128 3955 tractio,
1148 3896 1197 3937 seu
1209 3879 1364 3956 dimidinm,
1385 3881 1491 3938 animm
1505 3897 1561 3938 non
1576 3885 1619 3936 est
1632 3896 1720 3939 uuum

86 3979 115 4033 iu
130 3977 250 4033 Galliam
272 3992 372 4048 nuper,
399 3975 446 4030 sed
466 3973 591 4030 noudum
616 3974 710 4047 aonepi
734 3973 880 4031 redditam
923 3990 973 4046 pa·
984 3988 1016 4028 ae
1025 3986 1084 4044 ms,
1103 3971 1169 4044 qnia
1183 3985 1240 4026 nou
1253 3969 1307 4026 nisi
1321 3970 1357 4027 de
1369 3970 1496 4027 animalis
1510 3986 1626 4042 eorporo
1638 3968 1719 4025 intel·

86 4066 127 4122 Ita
142 4067 247 4139 neseio,
273 4064 334 4138 quis
353 4064 390 4120 sit
408 4080 481 4120 nune
499 4068 588 4120 status
606 4063 696 4119 imarii
709 4061 881 4119 I'rirnlliau'n
923 4060 972 4134 ligi
997 4063 1102 4133 potest,
1127 4059 1202 4133 quod
1219 4074 1305 4116 uuam
1325 4075 1375 4133 per
1392 4075 1423 4116 se
1442 4075 1492 4115 ens
1508 4075 1567 4116 non
1585 4062 1644 4133 est,
1669 4057 1719 4115 sed

85 4157 171 4228 Spero
192 4161 284 4211 tannen
305 4170 401 4210 verum
420 4170 476 4209 uon
497 4155 564 4225 lore,
584 4152 659 4226 quod
679 4151 882 4208 damnatione
922 4152 1108 4222 aggregatum,
1123 4149 1310 4220 unitatemque
1324 4147 1534 4205 Arbbnmtieam
1547 4146 1640 4221 trahet,
1655 4145 1719 4203 Ms-

86 4243 145 4312 ejus
159 4245 262 4300 dictum
277 4249 328 4300 est.
351 4242 465 4299 Interim
476 4247 579 4316 mdno,
593 4258 629 4298 ne
642 4243 714 4298 torte
722 4240 882 4297 auctoribus
923 4237 1092 4311 ephysiesm
1107 4254 1165 4294 uon
1179 4235 1268 4293 babet
1312 4236 1352 4293 Ilt
1364 4243 1458 4295 auten
1471 4238 1532 4311 ipsa
1551 4237 1676 4310 materie,
1694 4236 1721 4294 si

86 4334 215 4405 nocuerit,
230 4334 304 4406 quod
319 4332 457 4389 Interdum
471 4349 515 4388 rea
527 4330 691 4402 I'bologims
706 4329 819 4386 libertus
832 4345 883 4385 nee
925 4325 1080 4383 Entelecbia
1093 4326 1246 4399 adaequma
1258 4325 1341 4401 abab,
1354 4342 1413 4383 non
1426 4326 1492 4385 lauit
1506 4341 1593 4384 mrum
1606 4342 1665 4400 ens,
1678 4314 1721 4383 it'a
1739 4322 1742 4327 ’

86 4421 146 4476 siue
164 4422 261 4478 affeetu
283 4426 410 4495 tractant,
433 4427 462 4478 et
482 4420 630 4494 aliqnando
654 4420 684 4477 in
709 4419 780 4476 alios
798 4418 883 4493 paulo
902 4448 905 4481 ι
925 4433 975 4473 nee
987 4413 1047 4485 ejus
1061 4430 1133 4490 para
1155 4414 1213 4472 Nm
1223 4414 1312 4487 videm
1326 4416 1392 4489 qnid
1403 4415 1544 4490 impediat,
1560 4415 1648 4473 multa
1658 4420 1720 4471 antu

85 4510 349 4566 aculeatiusdiount.
925 4505 1025 4575 subjici
1039 4503 1721 4579 uniEnteleelrIao31mobouipsnmneoesaeest.

131 4598 246 4654 Gaudeo
263 4598 408 4654 eonsilium
423 4599 459 4655 de
476 4597 620 4654 eundendo
634 4597 777 4654 Breviatio
791 4596 882 4654 Philo-
903 4632 907 4681 ,
924 4595 1045 4652 Materia
1060 4595 1173 4668 (nempe
1184 4593 1317 4666 seeundo
1330 4600 1382 4652 ant
1394 4610 1458 4670 pars
1471 4594 1603 4652 matmiae
1616 4592 1720 4663 existit,

86 4687 198 4762 aopbioo
213 4687 267 4742 luis
275 4686 417 4742 destinatis
429 4687 591 4743 eonsentire.
614 4687 651 4742 Et
660 4687 775 4742 omnino
783 4686 883 4761 mutio,
904 4686 907 4703 ¹
925 4690 956 4742 nt
969 4700 1051 4758 grex,
1066 4688 1117 4740 ant
1130 4683 1237 4757 domm,
1259 4699 1308 4740 seu
1321 4689 1353 4740 ut
1366 4701 1417 4741 ens
1430 4700 1479 4758 par
1490 4681 1720 4757 aggregationem.

87 4778 122 4834 de
147 4776 242 4834 multis
265 4791 323 4832 non
349 4773 419 4831 bene
443 4775 565 4848 deserni,
590 4773 644 4830 nisi
664 4776 759 4832 omnia
778 4775 834 4832 sint
853 4776 883 4832 in
970 4771 1109 4830 lunanum
1122 4776 1185 4829 adn
1201 4772 1231 4828 in
1245 4773 1433 4847 mguItudme
1446 4789 1503 4832 nou
1517 4787 1603 4846 aeque
1613 4768 1720 4826 ostendi

86 4871 238 4940 conspeetu.
924 4866 1017 4938 potest
1028 4878 1062 4917 as
1076 4861 1107 4918 iu
1120 4861 1302 4920 multitudine

130 4957 248 5027 Vereor,
268 4971 305 5010 ne
327 4953 381 5009 lrui
406 4951 545 5026 oolloqnio
563 4956 613 5007 tuo
632 4952 737 5026 possim
754 4951 884 5025 punximo
968 4954 1138 5023 Argumenta
1148 4955 1245 5008 enntm
1253 4951 1391 5008 indultum
1401 4955 1474 5019 aetn,
1487 4950 1654 5023 supponunt,
1668 4944 1721 5003 bon

88 5044 211 5100 Paaebali
227 5046 304 5100 testo
338 5043 411 5099 Nam
431 5057 486 5097 non
507 5040 688 5111 Brunsvigam
702 5045 819 5114 tantum,
833 5041 883 5097 aad
922 5040 1045 5097 admissu
1057 5039 1118 5097 dari
1131 5056 1279 5098 nummu
1292 5039 1439 5113 tunulum,
1459 5039 1526 5095 item
1540 5036 1646 5093 iutiuita
1659 5050 1721 5092 om·

88 5137 117 5188 et
131 5134 288 5191 Beroltnnm
306 5131 506 5189 excurrentium
525 5129 657 5187 estmibl.
690 5129 883 5204 &notamen
922 5131 970 5186 nia
989 5144 1048 5186 eme
1061 5130 1194 5204 aequalia.
1236 5129 1290 5187 Sed
1305 5129 1460 5201 niensium,
1482 5143 1578 5184 revera
1591 5140 1721 5198 aggrega·

88 5221 322 5280 allasamtnam
340 5224 480 5280 sonarem
501 5224 656 5279 retunso.
688 5218 881 5295 nemeae,
903 5222 982 5276 tun
1001 5219 1139 5279 inlinitum
1157 5221 1532 5293 neqmeasamumtotum,
1552 5214 1720 5287 autnngui·
