3706 5828
107 320 204 385 xuu
419 286 424 304 '
637 348 641 364 ·
730 320 1125 382 enarrarre

195 451 331 522 XXVII.
358 450 493 521 Lettre
515 477 581 522 sur
601 454 640 522 la
661 447 860 546 question,
888 456 920 523 si
941 453 1128 522 l’essence
1148 451 1197 521 du
1218 473 1334 544 corps
1354 453 1531 519 consiste
1553 450 1646 519 dans
1667 441 1733 518 Ριξ-

107 565 268 650 tendue,
297 577 335 634 et

194 680 345 750 XXVIII.
389 683 545 750 Extrait
587 682 699 751 d'une
744 681 863 751 lettre
906 705 1005 772 pour
1046 685 1224 752 soutenir
1267 705 1312 752 ce
1353 682 1452 774 q'n’il
1495 706 1518 772 y
1551 704 1571 749 a
1602 679 1649 748 de
1679 679 1737 749 lui

107 796 202 865 dans
223 796 261 864 le
280 796 446 866 Journal
468 798 537 866 des
559 800 715 867 Savans
736 797 786 865 du
809 802 861 864 18.
883 798 976 866 Juin
998 803 1094 867 1691.
1140 799 1225 866 Cum
1247 799 1326 871 haec
1347 801 1388 866 sit
1409 798 1524 865 horum
1546 806 1737 864 tractatuum

106 914 196 995 ratio,
218 922 255 979 ut
274 936 356 982 unus
379 913 511 980 alterum
533 913 668 1005 explicet
689 911 889 995 delendatve,
916 935 1017 982 unum
1044 912 1133 982 alteri
1153 913 1318 1004 subjunxi,
1346 916 1405 987 etsi
1431 912 1547 980 biennii
1571 909 1737 978 intervallo

106 1027 231 1095 eluunt.
273 1028 429 1120 Uterque,
451 1028 560 1096 Dian‘o
582 1026 694 1118 gallico
715 1030 854 1116 primum
874 1030 1025 1115 insertus,
1045 1032 1079 1097 in
1100 1027 1283 1096 collectione
1304 1028 1450 1095 Dutensii
1470 1027 1591 1119 legitur.

197 1143 323 1212 XXIX.
352 1146 506 1211 Extrait
535 1143 644 1210 d'une
672 1142 792 1211 lettre
820 1142 839 1210 i
867 1142 930 1210 lllr.
952 1142 1143 1211 Foucher.
1188 1145 1312 1235 Scripta
1334 1153 1383 1210 est
1402 1141 1482 1209 haec
1503 1140 1635 1233 epistola
1656 1162 1740 1207 anno

107 1257 306 1328 lllDCXCIl.
344 1259 406 1326 Cui
427 1283 500 1347 cum
523 1256 707 1325 Foucherus
728 1256 932 1349 responderet
952 1262 1218 1351 responsioneque
1239 1257 1478 1351 explicationem
1499 1255 1643 1325 Leibnitii
1663 1278 1739 1348 pro·

66 1437 69 1448 ,
107 1384 243 1456 vocaret,
265 1374 422 1442 Foucheri
443 1377 538 1441 etiam
560 1372 724 1464 epistolam
744 1375 875 1439 inserui:

195 1489 310 1558 XXX.
336 1490 495 1569 Extrait
516 1488 627 1556 d’une
649 1486 768 1555 lettre
795 1488 842 1554 de
863 1486 925 1555 lllr.
947 1487 1140 1571 Foucher,
1169 1511 1266 1579 quarn
1289 1490 1403 1580 excipit

195 1603 322 1674 XXXI.
350 1604 534 1695 Reponse
561 1602 607 1671 de
627 1602 689 1670 lllr.
712 1601 874 1670 Leilrnia
897 1603 915 1668 ir
936 1601 1109 1670 l'extrait
1135 1604 1180 1671 de
1202 1603 1238 1670 la
1259 1604 1376 1671 lettre
1405 1602 1450 1669 de
1470 1600 1533 1670 Mr.
1555 1601 1741 1670 Foucher.

15 1780 17 1785 .
107 1718 232 1787 Ternae
253 1720 314 1787 hae
334 1720 442 1788 literae
462 1723 495 1787 in
516 1719 626 1786 Diarr'o
649 1718 759 1809 gallico
781 1721 919 1808 primum
941 1717 1056 1801 editae,
1085 1718 1168 1810 apud
1190 1719 1381 1786 Dutensium
1404 1721 1498 1786 etiam
1519 1717 1673 1808 legrurtur.

194 1831 326 1902 XXXII.
354 1835 414 1903 De
434 1834 661 1901 notionibus
686 1836 784 1925 juris
815 1842 852 1901 et
877 1835 1067 1924 justitiae.
1103 1835 1259 1925 Excerpta
1281 1845 1356 1900 sunt
1377 1857 1460 1924 quae
1481 1832 1532 1900 hic
1553 1833 1700 1925 leguntur
1720 1857 1742 1899 e

48 1976 60 1989 ⁴
107 1951 299 2043 praelatione
322 1952 424 2040 operis
446 1948 640 2031 Leibnitiani,
663 1971 744 2014 anno
767 1946 966 2015 lllDCXClll
987 1952 1168 2040 conscripti,
1198 1947 1346 2015 -Codicis
1371 1951 1448 2040 juris
1471 1952 1611 2039 gentium
1640 1947 1742 2038 diplo-

43 2141 52 2153 ,
107 2057 239 2133 hutici-
275 2063 311 2133 ln
331 2064 383 2132 illa
405 2067 595 2156 praelatione
617 2066 719 2155 primo
748 2087 819 2130 eam
841 2066 946 2154 posuit
965 2068 1081 2132 amoris
1104 2063 1324 2146 definitionem,
1354 2086 1451 2155 quam
1472 2065 1657 2156 saepissime
1678 2087 1739 2156 po-

5 2238 61 2259 ,.,,
76 2189 175 2248 „sua
197 2189 349 2267 tanquam
371 2181 464 2245 unice
485 2201 594 2245 veram
617 2177 813 2271 eandemque
834 2190 1014 2246 accuratam
1036 2177 1165 2247 laudare
1186 2179 1315 2248 solebat.
1337 2219 1382 2230 -

195 2291 333 2360 XXXIII
354 2292 515 2361 Extrait
537 2292 650 2361 d'unc
671 2295 794 2362 lettre
815 2296 834 2361 ir
856 2294 919 2363 lllr.
941 2294 1064 2362 l'abbe
1086 2293 1251 2362 Nicaise
1273 2319 1340 2362 sur
1361 2295 1397 2362 la
1419 2292 1672 2387 philosophie
1694 2293 1743 2362 de

108 2407 172 2478 lllr.
193 2407 420 2476 Descartes.
464 2408 512 2476 Eo
533 2410 603 2501 ipso
626 2433 723 2491 anno,
752 2432 817 2499 quo
838 2408 1009 2478 Leibnitius
1030 2410 1112 2478 hanc
1134 2410 1175 2478 ad
1196 2409 1359 2477 Nicasium
1383 2408 1547 2503 epistolam
1567 2411 1744 2501 scripserat,

107 2524 160 2594 illa
181 2523 278 2592 verba
300 2547 383 2615 quae
403 2527 558 2616 pertinent
579 2523 620 2591 ad
641 2524 749 2592 Huctii
772 2524 949 2592 Censuram
970 2525 1191 2616 Philosophiae
1214 2526 1418 2594 Cartesianae
1444 2529 1477 2592 in
1498 2525 1607 2592 Diario
1630 2524 1743 2617 gallico

109 2642 193 2733 typis
215 2661 363 2730 expressa
384 2650 466 2721 sunt,
489 2664 508 2707 e
530 2663 594 2731 quo
608 2638 783 2707 Dutensius
804 2643 957 2733 recipiens
980 2664 1018 2708 ea
1040 2663 1114 2708 cum
1137 2640 1270 2708 editione
1292 2664 1351 2709 sua
1371 2642 1607 2732 concorporavit
1621 2638 1692 2709 Vol.
1706 2626 1744 2724 ll,

110 2759 141 2823 1.
163 2780 194 2847 p.
216 2753 291 2822 243.
336 2754 386 2821 Ex
408 2753 520 2820 eodem
542 2758 628 2822 lonte
650 2778 710 2845 ego
732 2754 831 2821 hausi.
869 2756 977 2842 Quum
998 2758 1031 2824 in
1053 2779 1126 2824 mea
1147 2755 1282 2824 editione
1299 2759 1366 2847 jam
1387 2759 1540 2846 impressa
1560 2765 1665 2822 essert
1690 2755 1744 2825 illa

110 2870 223 2952 verba,
246 2868 328 2936 edita
351 2878 424 2936 sunt
445 2868 483 2935 cl.
507 2868 639 2936 Cousini
659 2871 833 2960 fragmenta
855 2871 1086 2963 philosophica,
1115 2894 1198 2963 quae
1223 2874 1256 2939 in
1278 2870 1438 2938 volumine
1459 2867 1598 2936 secundo
1619 2879 1745 2961 praeter

109 2984 339 3054 aliasLeibnitii
362 2982 402 3050 ad
422 2983 584 3051 Nicasium
607 2983 764 3076 epistolas,
785 2983 868 3052 hanc
889 2989 984 3054 etiam
1007 2986 1162 3067 exhibent,
1185 3010 1321 3078 eamque
1340 2988 1495 3076 integram
1515 2986 1608 3050 sicuti
1627 2987 1744 3074 scripta

111 3110 159 3168 est
181 3122 200 3166 a
222 3097 376 3166 Leibuitio
398 3099 489 3166 nobis
511 3102 652 3167 offerunt
698 3100 793 3186 Quod
815 3102 842 3168 si
862 3099 939 3167 illud
959 3102 1017 3168 viri
1038 3101 1200 3169 clarissimi
1221 3125 1301 3193 opus
1321 3105 1489 3180 iuramus
1510 3098 1588 3165 mihi
1606 3101 1746 3166 venisset

110 3217 293 3308 priusquam
320 3211 372 3280 hic
400 3213 547 3282 articulus
575 3218 658 3306 typis
680 3216 899 3300 excuderetur,
926 3239 991 3284 non
1013 3216 1119 3284 dubito
1148 3219 1224 3308 quin
1243 3220 1399 3308 integram
1420 3214 1584 3306 epistolam
1605 3216 1743 3305 recepis-

111 3353 189 3398 sem.
224 3329 333 3415 Quum
347 3352 424 3396 vero
444 3328 524 3397 haec
543 3330 673 3422 epistola
695 3342 819 3423 praeter
840 3330 892 3399 illa
906 3332 1002 3399 verba
1025 3331 1150 3400 editioni
1171 3343 1296 3399 nostrae
1316 3335 1433 3398 inserta
1455 3328 1532 3396 nihil
1551 3327 1645 3420 plane
1665 3351 1743 3397 corr-

110 3447 207 3513 tineat
227 3446 404 3536 argumenti
424 3444 646 3535 philosophici,
668 3447 725 3514 sed
747 3456 812 3513 tota
836 3449 874 3514 sit
897 3445 937 3514 de
956 3447 1039 3514 illius
1059 3449 1210 3536 temporis
1230 3448 1379 3527 inventis,
1401 3444 1442 3512 de
1462 3443 1545 3511 libris
1566 3447 1746 3535 nuperrime

112 3559 212 3642 editis,
233 3557 285 3626 vel
307 3559 442 3652 denique
464 3558 503 3628 de
514 3562 588 3626 viris
608 3560 709 3644 doctis
725 3561 853 3643 Galliae,
877 3560 1043 3629 editionem
1066 3560 1286 3629 detrimentum
1308 3564 1429 3650 cepisse
1450 3580 1514 3626 non
1535 3559 1637 3627 credo.
1677 3560 1744 3629 Ce-

112 3686 216 3744 terum
243 3685 326 3742 errat
352 3674 390 3742 cl.
414 3675 573 3743 Cousinus
602 3686 802 3766 cumputat,
832 3701 869 3745 ea
899 3700 981 3768 quae
1008 3676 1093 3769 apud
1113 3676 1304 3744 Dutensium
1326 3673 1480 3766 legantur,
1499 3677 1533 3741 in
1555 3672 1626 3742 Vol.
1648 3675 1690 3757 V,
1711 3687 1746 3743 et

114 3812 196 3880 quae
218 3800 365 3879 excerpta
387 3792 449 3858 sint
472 3813 511 3858 ex
533 3789 664 3882 epistola
687 3790 727 3858 ad
749 3795 887 3859 amicum
916 3790 1073 3884 quendam
1095 3790 1213 3858 Nicasii
1233 3793 1338 3871 missa,
1366 3791 1477 3858 eadem
1499 3813 1572 3857 esse
1591 3811 1666 3856 curn
1687 3789 1745 3856 his.

113 3903 239 3970 Etenim
260 3903 409 3972 nonnulla
431 3914 554 3972 tanturn
576 3906 673 3973 verba
695 3908 807 3975 similia
829 3918 911 3990 sunt,
933 3905 1017 3997 qnod
1039 3929 1114 3974 sane
1135 3928 1199 3974 non
1221 3905 1408 3987 mirandum,
1429 3926 1503 3971 cum
1525 3916 1748 3996 argumentum

114 4015 199 4085 idem
220 4016 267 4082 sit
312 4017 522 4087 Indicavimus
544 4020 640 4087 modo
662 4045 773 4089 verum
796 4021 880 4114 apud
901 4021 1093 4088 Dutensium
1115 4019 1235 4106 locum,
1264 4045 1327 4114 quo
1349 4042 1432 4113 quae
1459 4019 1499 4087 ad
1520 4017 1684 4087 Nicasium
1704 4021 1749 4090 de

115 4131 176 4200 ha‘c
197 4155 232 4198 re
253 4135 421 4220 scripserat
440 4146 556 4218 noster,
577 4135 650 4205 licet
665 4136 835 4219 decurtata,
855 4137 1010 4228 leguntur.
1163 4114 1168 4135 ⁴

206 4244 357 4315 XXXIV.
386 4246 445 4315 De
467 4253 614 4340 primae
636 4248 914 4343 philosophiae
934 4249 1211 4319 emendatione
1239 4259 1277 4316 ct
1304 4248 1350 4315 de
1372 4252 1534 4318 notione
1555 4252 1747 4321 substan-

118 4363 213 4445 tiae,
242 4371 394 4429 tractatus
419 4365 452 4431 in
479 4365 564 4430 Actis
592 4366 795 4434 Eruditorum
822 4363 1032 4456 Lipsiensium
1060 4388 1145 4432 anno
1173 4363 1379 4433 MDCXCIV
1405 4367 1544 4457 primurn
1571 4364 1687 4451 editus,
1714 4373 1748 4438 irr

119 4475 266 4545 Dutensii
287 4475 503 4545 collectionem
524 4490 680 4571 receptus.

208 4588 345 4659 XXXV.
373 4592 508 4662 Lettre
536 4595 628 4662 ir-un
651 4597 724 4663 ami
745 4619 811 4662 sur
832 4594 867 4661 le
889 4592 1215 4677 Carte‘sianime,
1244 4593 1465 4685 scriptiuncula
1487 4598 1519 4664 in
1541 4595 1653 4665 Felleri
1675 4599 1751 4668 Otio

121 4705 330 4775 llanoverano
358 4709 496 4798 primum
525 4709 614 4777 edita.
661 4711 768 4796 Quum
790 4709 963 4779 Leibnitius
991 4707 1030 4776 de
1052 4711 1119 4775 rixa
1140 4707 1300 4798 loqratur,
1328 4733 1411 4799 quae
1433 4712 1463 4777 ei
1483 4713 1524 4777 sit
1544 4734 1618 4779 cum
1640 4697 1751 4783 Carte-

114 4824 227 4915 ⁸sianis,
247 4821 333 4914 quod
355 4819 488 4891 Cartesii
505 4848 644 4894 errorem
665 4828 698 4892 in
720 4823 912 4894 aestimanda
933 4824 1104 4915 quantitate
1126 4834 1231 4890 motus
1252 4823 1508 4915 reprehendisset,
1530 4846 1667 4916 cumque
1688 4826 1752 4896 hae

64 5010 67 5019 ,
121 4918 372 5029 disceptationes,
393 4939 452 5006 eni
474 4960 556 5006 anno
572 4938 851 5009 llIDCLXXXVIl
876 4944 943 5033 jam
963 4941 1117 5029 inceptae,
1138 4948 1247 5006 tamen
1275 4962 1357 5007 anno
1370 4939 1586 5008 MDCXOVII
1608 4941 1750 5011 nondum

124 5048 228 5120 linitae
250 5064 369 5138 essent,
396 5053 423 5121 F
424 5052 552 5122 ellerunr
579 5065 706 5124 secutus
733 5078 820 5137 sum,
850 5058 904 5146 qui
924 5053 1007 5122 hanc
1028 5053 1193 5145 epistolam
1221 5076 1303 5122 anno
1325 5055 1515 5124 MDCXCV
1541 5059 1752 5150 conscriptam

123 5187 195 5235 este
215 5176 354 5236 leslahlr.
