3706 5828
161 356 229 420 ii5ii
708 354 1253 417 Lxxffl.causnuur.

164 496 423 571 magnitudinis
436 500 470 553 et
482 496 660 554 bonitatis
673 497 717 554 irie
730 502 803 571 sunt,
817 513 889 571 quae
902 514 959 554 non
978 517 982 530 ¹
1000 498 1103 555 siderei
1116 497 1147 553 in
1172 494 1368 569 sophisma,
1398 496 1474 569 qnod
1495 494 1559 566 jam
1577 500 1698 552 veteres
1719 493 1802 565 igne·

163 608 201 647 ex
214 590 274 644 sota
289 588 420 658 bonitate,
436 585 583 642 sedetiam
598 602 636 640 ex
645 585 841 659 magnitudine,
855 580 896 662 (id
907 590 957 658 est,
1001 602 1077 643 sum
1091 585 1274 659 adpeiiabant.
1289 584 1352 641 add.
1368 583 1448 658 inim,
1465 582 1491 651 i.
1511 586 1586 642 1116.
1611 584 1692 640 lut.

164 676 297 751 sapientia
324 678 352 730 et
377 673 522 745 potentia)
547 675 764 747 proficiscuntur:
792 674 860 729 iacit
884 674 960 729 enim
1049 676 1100 731 46.
1120 672 1261 745 Sapientia
1281 676 1376 728 autem
1390 673 1495 728 intirrita
1508 670 1749 745 omnipotentis,
1767 672 1800 727 in

162 762 338 836 magnitudo,
365 767 396 817 ut
410 763 520 817 bonitas
535 764 663 817 cilicium
678 778 757 817 suurn
771 762 959 833 consequatur.
980 807 984 824 ‚
1002 763 1083 819 nitati
1098 762 1158 831 ejus
1171 762 1322 817 immensae
1332 760 1438 834 juncta,
1455 761 1537 835 iecit,
1552 766 1585 817 ut
1602 760 1680 816 uitril
1697 766 1800 832 potuerit

162 852 200 910 Et
214 851 323 907 bonitas
338 851 455 905 sciemur
469 851 512 905 vei
527 850 563 905 ad
582 856 720 907 creaturas
740 851 771 904 in
791 850 958 923 uniuersum,
980 839 984 949 Ῑ
1003 851 1061 906 iteri
1086 851 1199 922 meiius,
1226 848 1356 905 omnibus
1379 848 1560 921 computatis,
1590 863 1685 919 quam
1706 848 1799 918 quoia

163 942 210 997 vei
229 939 370 1012 speciatim
390 938 426 993 ad
446 937 637 1009 intelligentes.
683 938 779 994 Priore
799 936 884 992 nrodo
897 953 961 993 cum
980 962 985 1037 Ι
1003 940 1063 995 Deo
1077 942 1120 993 est
1135 940 1254 1007 tacturus
1278 942 1361 1009 atque
1381 937 1467 1011 adeo,
1492 941 1525 993 ut
1550 938 1658 991 omnia
1680 936 1739 991 sirrt
1757 953 1798 1009 pn-

163 1028 355 1099 nragnitudinc
379 1026 520 1082 constituit
545 1025 804 1098 providentiarum
825 1025 960 1082 Universa
981 1046 985 1089 ι
1004 1028 1073 1083 tecte
1093 1025 1270 1097 harmonica,
1296 1025 1503 1099 conspirentquo
1523 1024 1723 1098 pulcherrime
1747 1023 1799 1080 intr

163 1116 282 1173 creando
307 1121 335 1170 ct
359 1113 553 1186 gubernandoq
578 1114 744 1187 posteriore,
768 1112 907 1181 justitiam
932 1112 961 1169 in
982 1093 986 1153 1
1004 1132 1047 1170 se:
1062 1130 1160 1170 causae
1174 1112 1314 1185 ioruraies,
1331 1128 1379 1169 seo
1394 1114 1512 1186 animae,
1529 1128 1598 1167 enm
1615 1112 1715 1167 causis
1735 1124 1799 1169 arae

163 1204 290 1278 regendis
304 1203 445 1275 speciatim
460 1202 620 1257 substantiis
635 1201 742 1258 ratione
756 1200 895 1274 praeditis.
983 1194 986 1271 1
1006 1203 1129 1276 riaiitrus,
1145 1219 1193 1258 seu
1208 1202 1384 1273 corporibus3
1399 1218 1496 1257 causae
1509 1201 1689 1272 efficientes,
1707 1216 1756 1257 seu
1768 1216 1801 1255 nr

212 1293 263 1347 41.
277 1292 350 1355 Quia
365 1291 517 1347 bonitatem
532 1290 599 1363 Dei,
613 1291 644 1344 in
659 1290 792 1346 certaturis
807 1306 867 1344 sese
881 1304 962 1361 gene-
982 1346 986 1364 ,
1003 1291 1115 1362 turales,
1129 1306 1193 1347 eum
1207 1289 1343 1363 iinalibus,
1358 1304 1406 1345 seu
1419 1288 1593 1359 rnoralibtrs3
1617 1302 1744 1361 regnum
1757 1304 1802 1359 gre

163 1380 250 1437 ratim
264 1384 438 1451 exerentem,
454 1378 548 1447 dirigit
564 1377 713 1451 sapierrtia3
727 1392 895 1450 consequens
909 1380 960 1451 est,
983 1413 986 1442 ,
1004 1379 1060 1435 tiae
1073 1393 1137 1435 cum
1152 1394 1237 1449 regno
1252 1382 1374 1434 naturae.

165 1466 430 1542 providentiam
449 1466 604 1522 (lisinam
624 1483 684 1522 sese.
702 1467 845 1522 ostendere
858 1466 888 1521 in
902 1470 962 1521 teta
1050 1466 1103 1524 47.
1125 1466 1162 1523 Et
1188 1465 1317 1539 proinde,
1342 1463 1556 1537 quotiescunque
1582 1462 1704 1537 aliquid
1729 1482 1805 1539 repre

165 1556 237 1611 aerio
262 1556 405 1627 perversi,
436 1554 648 1627 dicentiumque,
675 1554 764 1610 Deum
789 1570 826 1609 ex
850 1554 963 1609 infinitis
1003 1554 1138 1611 irensibiie
1157 1554 1266 1610 ridetur
1284 1554 1314 1609 in
1328 1553 1459 1625 operibus
1473 1552 1535 1624 Dei,
1558 1550 1805 1627 judicandumot,

165 1643 344 1717 possibilibus
358 1642 479 1699 seriebus
492 1659 583 1698 rerum
596 1642 710 1713 elegisse
724 1644 874 1715 optimam3
888 1657 963 1697 eanr-
983 1667 986 1718 2
1004 1643 1033 1698 irl
1049 1642 1130 1699 nobis
1144 1659 1199 1699 non
1215 1642 1283 1698 satis
1297 1642 1388 1713 nescir
1408 1644 1438 1697 et
1451 1640 1632 1713 sapientem,
1650 1642 1705 1715 qui
1721 1644 1806 1700 intelli-

164 1731 298 1803 queadeo
309 1748 366 1787 esse
378 1732 446 1787 trane
458 1732 555 1805 ipsam,
571 1736 714 1802 quaoaotu
725 1731 830 1786 existit.
859 1730 961 1785 Omnia
983 1736 1093 1805 2gerct,
1116 1731 1318 1805 judicaturum,
1343 1745 1380 1784 rre
1404 1729 1494 1803 optari
1515 1728 1641 1801 quidem
1664 1748 1751 1805 posse
1762 1747 1807 1789 irre

164 1821 239 1875 enim
265 1820 293 1875 io
321 1819 456 1875 Universa
480 1823 544 1875 sont
570 1818 727 1874 irarnrorriea
751 1818 824 1873 inter
848 1836 892 1892 ss,
913 1834 962 1877 uec
1003 1820 1085 1876 liora.

165 1907 397 1981 sapientissimus,
425 1907 477 1962 uisi
499 1903 626 1962 omnibus
641 1908 803 1979 perspectis,
829 1906 985 1982 decernit!
1049 1908 1101 1963 48.
1128 1904 1208 1962 Unda
1239 1920 1324 1978 porro
1355 1904 1481 1975 sequitur
1504 1902 1578 1959 nihil
1608 1921 1678 1962 essa
1706 1909 1807 1980 felitius,

165 1999 250 2067 atque
265 1996 334 2050 adeo
356 2011 421 2065 non,
437 1994 491 2048 nisi
506 1995 541 2049 de
555 2000 624 2049 toto.
670 1994 700 2049 io
716 1994 856 2067 partibus,
871 1996 961 2068 singu·
981 2006 985 2027 ¹
1003 2011 1087 2067 quam
1101 1999 1159 2050 tam
1174 1994 1249 2051 bono
1263 1992 1384 2049 Domino
1397 1992 1513 2063 emim,
1529 1996 1622 2063 atque
1638 1996 1717 2053 adeo
1732 1998 1809 2053 nem

166 2083 283 2151 palatim
308 2082 420 2153 samiis,
450 2082 576 2137 voluntas
597 2082 707 2153 praesia
727 2099 786 2139 ωε(
799 2088 905 2158 potest,
931 2083 960 2140 in
982 2125 985 2161 3
1003 2081 1194 2157 superomnia
1212 2098 1274 2139 esse
1293 2080 1459 2153 amandum,
1483 2080 1570 2153 eique
1592 2084 1718 2155 penitus
1739 2088 1810 2143 contr

165 2174 226 2225 toto
240 2169 391 2225 decretoria
406 2169 521 2241 intelligi
538 2168 627 2225 debet.
981 2166 985 2229 i
1003 2171 1131 2227 dandum.

212 2258 263 2313 42.
284 2256 363 2312 Unde
382 2256 509 2313 adcurate
524 2256 674 2331 loquendo,
695 2274 753 2313 non
774 2273 844 2331 opus
858 2263 902 2314 est
916 2275 960 2315 or-
980 2234 985 2312 1
1048 2261 1101 2316 it).
1126 2257 1255 2331 Optimae
1273 2260 1367 2314 autem
1380 2256 1460 2311 seriei
1475 2271 1573 2312 rerum
1596 2250 1612 2333 (
1619 2272 1727 2332 nempe
1741 2260 1812 2330 injus

165 2344 230 2401 dina
245 2346 422 2401 Dreretorum
439 2346 611 2413 divinorum
636 2346 685 2401 scd
700 2345 753 2402 dici
769 2350 874 2420 potest,
899 2348 960 2403 uui·
980 2345 984 2419 ξ
1002 2346 1105 2419 ipsius)
1119 2346 1262 2420 eligendae
1275 2344 1399 2401 maxima
1413 2344 1486 2401 ratio
1498 2343 1707 2403 terechristus
1718 2332 1810 2402 ereis

164 2448 228 2490 cum
244 2438 350 2489 tantum
367 2434 450 2490 tuisse
465 2434 613 2489 Decretum
627 2434 692 2507 Dei,
720 2439 750 2489 ut
770 2436 837 2489 iraec
855 2433 959 2490 scilicet
1003 2436 1140 2507 aporaoc,
1167 2433 1214 2489 sed
1228 2433 1290 2506 qui,
1317 2438 1453 2504 quatenus
1472 2438 1607 2489 montona
1628 2440 1675 2491 est
1690 2436 1728 2493 ad
1742 2452 1810 2493 anor·

165 2522 249 2579 series
264 2538 357 2577 rerum
371 2521 405 2577 ad
421 2522 597 2577 existentiam
613 2524 781 2595 pervenirem
798 2526 959 2595 postquam
980 2510 983 2587 Ι
1002 2538 1079 2579 mum
1093 2526 1232 2595 provecta,
1246 2521 1276 2577 in
1290 2534 1323 2575 ea
1337 2522 1408 2575 serie
1421 2520 1602 2577 nobilissima
1617 2524 1811 2581 cananense

165 2610 270 2667 scilieet
284 2610 392 2681 onmia,
419 2610 519 2666 seriem
534 2610 727 2684 irrgrrutientia,
753 2613 829 2666 tuere
838 2612 961 2669 conside·
980 2603 984 2621 ⁸
1002 2611 1102 2682 bebai,
1117 2616 1250 2681 tanquam
1264 2607 1392 2663 Universi
1409 2607 1494 2663 creati
1511 2624 1594 2683 pars,
1612 2609 1707 2667 immo
1720 2618 1806 2685 capot,

165 2703 240 2769 rata,
266 2704 296 2753 et
321 2714 383 2753 curn
412 2698 508 2771 relrus,
537 2697 606 2754 alias
635 2699 718 2755 series
744 2698 961 2770 ingredientibus
980 2663 985 2781 Ξ
1002 2700 1047 2755 cui
1068 2698 1159 2754 omnis
1178 2696 1290 2753 tandem
1310 2701 1431 2768 potestas
1450 2696 1518 2752 data
1534 2702 1578 2753 est
1599 2698 1633 2754 in
1647 2700 1726 2756 coelo
1740 2700 1808 2757 etirr

163 2790 333 2857 comparata.
981 2789 983 2796 '
1002 2793 1084 2861 terra,
1100 2786 1130 2841 in
1145 2800 1200 2858 quo
1216 2784 1340 2841 benedici
1355 2783 1507 2839 rleirnernnt
1522 2800 1630 2843 omnes
1642 2794 1742 2860 mous,
1756 2804 1808 2859 per

211 2875 263 2928 43.
289 2873 385 2944 ltaque
410 2872 495 2927 etiam
520 2872 667 2930 Decretum
693 2875 745 2930 Dei
771 2879 813 2931 est
833 2874 960 2931 immuta·
981 2815 985 2934 1
1003 2891 1085 2949 quem
1109 2874 1200 2929 omnis
1219 2877 1343 2929 creatora
1365 2872 1531 2929 liberabitur
1557 2888 1577 2929 a
1596 2874 1725 2929 seninrtc
1742 2890 1803 2931 aor-

164 2960 236 3032 bite,
257 2960 323 3031 quia
337 2975 432 3014 omnes
446 2962 582 3033 rationes,
609 2977 679 3034 quac
693 2964 717 3017 ei
737 2962 820 3032 oirjiei
835 2968 959 3036 possunt,
980 2974 992 3046 ,Α
1004 2962 1149 3035 ruptionis,
1165 2962 1192 3016 in
1208 2961 1364 3017 libertatem
1379 2960 1484 3031 gloriae
1498 2960 1627 3019 filiorum
1641 2962 1702 3019 Dei.

162 3048 223 3118 jarrr
244 3048 274 3103 in
295 3047 540 3105 considerationem
556 3066 667 3105 seuere:
693 3050 741 3105 sod
757 3052 820 3105 lrine
835 3068 890 3107 nou
905 3049 984 3106 alia?
1048 3052 1100 3105 50.
1116 3050 1252 3105 Hactenus
1272 3048 1306 3103 de
1320 3048 1511 3122 Providentia,
1543 3066 1652 3123 ncrrrpe
1671 3049 1804 3123 gererali:

165 3136 254 3191 oritur
268 3136 481 3209 necessitas,
505 3153 588 3208 quarn
603 3138 894 3211 consequentiae,
910 3154 960 3193 seu
980 3169 983 3206 ,
1003 3154 1088 3213 porro
1103 3137 1222 3211 bonitas,
1237 3136 1323 3193 relata
1337 3138 1479 3209 sperarim
1493 3136 1530 3193 ad
1545 3147 1696 3196 maturas
1711 3138 1806 3196 inteili-

165 3240 248 3296 quarn
263 3224 525 3296 hypotheticam
547 3230 660 3297 vocarit,
681 3240 717 3279 ex
733 3225 874 3299 supposita
888 3226 960 3281 scili-
979 3223 983 3293 ξ
1002 3232 1110 3299 gentes,
1127 3243 1189 3282 curn
1204 3225 1338 3297 sapientia
1350 3224 1510 3297 conjuncta,
1526 3226 1728 3285 iustitiam
1747 3244 1805 3285 con

164 3312 386 3385 cetpraerisione
397 3315 425 3366 et
437 3311 691 3385 praeordinatione,
706 3314 782 3369 nulia
792 3319 885 3369 autem
896 3314 960 3370 sut>
979 3319 983 3382 ,ἑ
1002 3314 1101 3385 stituit,
1115 3314 1194 3383 enjus
1209 3328 1335 3368 summus
1348 3312 1449 3384 gratius
1461 3316 1499 3369 est
1510 3312 1715 3372 Sanctitas.
1755 3318 1803 3373 lta·

164 3405 207 3457 est
233 3401 382 3457 necessitas
406 3401 591 3472 absoluta,
621 3418 668 3457 seu
695 3403 960 3475 consequentis,
979 3394 983 3429 ³
1002 3419 1055 3475 que
1070 3407 1126 3458 tarn
1142 3403 1199 3458 iata
1210 3416 1292 3456 sensu
1299 3400 1408 3469 justitia
1419 3418 1474 3458 norr
1483 3403 1591 3455 tautum
1598 3398 1652 3469 jus
1665 3406 1805 3476 strictum,

164 3490 311 3562 quisalius
326 3490 410 3544 etiam
431 3506 521 3545 rerum
536 3489 605 3545 ordo
620 3490 847 3563 possilriiiserat,
876 3496 905 3547 et
929 3491 960 3546 in
1002 3490 1049 3547 sed
1075 3494 1104 3545 ei
1128 3489 1303 3562 aequitatem,
1329 3494 1412 3560 atque
1436 3488 1507 3546 odeo
1532 3493 1562 3545 et
1579 3488 1806 3550 misericordiam

164 3579 304 3652 partibus,
332 3584 359 3633 et
375 3578 404 3632 in
420 3581 494 3650 torm
520 3578 662 3650 Deusque,
690 3579 905 3649 contingentium
919 3596 961 3635 sc·
980 3573 984 3625 -’
1003 3578 1170 3635 iaueiabiierrr
1184 3576 1396 3649 comprehendit.

164 3667 232 3722 rienr
248 3668 360 3737 eligens,
376 3666 589 3735 contingentiam
604 3682 700 3721 eormn
716 3684 772 3722 non
788 3668 915 3723 rrrutarit.
979 3667 982 3680 '
1048 3668 1100 3725 51.
1116 3666 1237 3722 Diseerni
1249 3671 1340 3721 autem
1352 3664 1460 3734 justitia
1471 3664 1624 3738 genemtim
1632 3670 1726 3721 sumta
1736 3671 1803 3739 pot-

209 3758 260 3810 41.
286 3754 380 3825 Neque
400 3753 438 3809 olr
458 3770 550 3809 remur
570 3754 760 3810 certitudinem
775 3772 869 3827 preces
883 3755 961 3812 labo·
1001 3760 1043 3811 est
1063 3756 1092 3810 in
1109 3753 1247 3823 justitiam
1267 3753 1410 3825 specialius
1435 3758 1560 3809 sumtum
1574 3758 1603 3809 et
1618 3754 1805 3811 mediatem

164 3858 261 3913 resque
276 3844 343 3898 iiunt
358 3842 467 3897 inutiles
488 3841 523 3897 ad
539 3842 685 3897 obtinenda
701 3844 807 3915 lutura,
828 3859 898 3915 quae
913 3844 959 3899 de·
981 3831 985 3876 '-
1002 3845 1020 3899 J
1026 3841 1150 3898 ustitia
1174 3842 1371 3915 specialius
1390 3845 1504 3896 sumta
1525 3847 1656 3899 rasator
1670 3844 1744 3899 circa
1759 3844 1806 3900 bo·

164 3928 323 3984 sidermnus.
378 3930 451 3985 Nam
477 3929 506 3985 iu
532 3929 613 3999 lrujus
646 3930 725 3985 seriei
756 3946 863 4001 rerum,
900 3934 959 3985 tarr·
982 3906 1069 3986 Ι4444
1089 3929 1246 4001 malumque
1265 3929 1422 3999 physicum,
1446 3928 1570 3985 aliorum
1586 3946 1694 4003 uempa
1707 3930 1805 3988 inteili-

164 4030 247 4085 qaam
263 4016 415 4089 possibilis,
436 4018 685 4089 repraesentatione
699 4017 771 4090 apud
786 4018 890 4093 Deum,
911 4036 960 4075 an·
980 3994 984 4100 Ξ
1002 4018 1124 4089 gentium
1137 4030 1146 4087 ς
1182 4016 1359 4073 sanctitas
1394 4016 1467 4073 cirea
1502 4016 1615 4075 bonum
1649 4021 1803 4095 nauiumque

165 4107 276 4175 tequam
287 4104 388 4159 scilieet
399 4105 508 4161 rlceeroi
520 4106 735 4179 intelligeretur,
749 4105 845 4178 utique
855 4113 883 4162 ct
895 4124 959 4179 prc-
981 4105 983 4124 '
1003 4107 1116 4163 morale.

163 4206 210 4244 ces
225 4191 253 4245 iu
268 4206 301 4245 ea
317 4191 358 4260 (si
372 4192 531 4263 eligeretur)
546 4196 668 4267 loturae,
684 4198 712 4250 ei
726 4194 799 4249 ailae
813 4195 959 4275 effectuum
981 4249 984 4262 ,
1049 4194 1099 4249 52.
1125 4194 1216 4249 Boua
1242 4191 1399 4263 malaque
1424 4190 1571 4264 physica
1590 4194 1732 4252 eveniunt
1751 4200 1802 4251 tam

164 4278 193 4333 in
208 4294 241 4333 ea
262 4266 578 4351 eornpreirerrdcudomm
591 4300 704 4354 causae,
730 4283 851 4353 inerant,
876 4288 905 4338 et
923 4282 958 4338 ari
982 4304 985 4314 ·
1002 4284 1031 4341 iu
1046 4282 1184 4353 haesita,
1205 4296 1289 4352 quam
1308 4280 1336 4335 iu
1352 4280 1451 4336 i'rrtrua.
1497 4278 1535 4335 ln
1552 4282 1619 4337 irae
1636 4282 1714 4340 vita
1728 4281 1801 4339 motti

163 4363 323 4421 eiectionem
357 4368 451 4440 seriei,
481 4370 603 4443 adeoque
634 4376 662 4426 et
687 4368 723 4425 ad
743 4376 857 4427 eventus
877 4369 906 4425 in
926 4387 960 4426 ea
982 4317 1151 4443 iqnerunmr
1165 4370 1194 4423 in
1209 4370 1381 4440 urrieersunr,
1405 4368 1480 4439 quod
1501 4368 1629 4425 humana
1650 4376 1752 4428 natmrr
1765 4374 1801 4427 ur

164 4455 382 4527 comprehensos,
397 4462 427 4511 ut
442 4472 492 4527 par
506 4464 574 4531 erat,
592 4460 709 4515 valuero.
753 4459 790 4514 Et
804 4474 873 4530 qnae
889 4472 960 4513 nunc
983 4466 986 4528 ξ
1002 4459 1083 4515 malis
1101 4458 1227 4529 exposita
1242 4461 1296 4529 est,
1313 4471 1409 4529 parurn
1424 4456 1592 4530 cogitantes,
1611 4474 1747 4533 nusquam
1760 4474 1799 4514 eo·

164 4548 277 4599 movent
292 4544 381 4599 ileum
396 4543 430 4599 ad
446 4545 581 4611 aeerrdnrn
596 4552 642 4602 aut
659 4545 887 4621 pemrittendunr,
901 4545 959 4615 iam
983 4531 1063 4604 'rum
1086 4551 1192 4618 partem
1217 4546 1346 4617 exculpe
1361 4543 1503 4600 hominum
1524 4546 1633 4621 tiuare,
1661 4552 1690 4605 et
1713 4560 1798 4603 resera

163 4637 222 4687 tum
242 4646 305 4687 cunr
325 4636 469 4687 morenrnt
484 4632 519 4687 ad
535 4633 747 4707 eiceenrerrdurrr,
768 4634 835 4709 quid
849 4640 959 4691 acturus
982 4652 1058 4691 ·norr
1072 4633 1139 4689 satis
1157 4640 1234 4703 grate
1259 4632 1370 4701 agrrosei
1393 4632 1488 4687 diviua
1513 4633 1543 4689 in
1570 4651 1629 4691 nos
1664 4635 1798 4705 amesia

162 4724 233 4775 esset
247 4723 295 4775 aut
310 4718 498 4792 perrrrissnrrrs.
981 4722 1143 4796 ¹nrugisque
1167 4721 1355 4778 adtentiorrem
1379 4721 1415 4777 ari
1436 4721 1526 4785 mala,
1550 4737 1643 4795 quam
1670 4724 1708 4781 ad
1732 4724 1798 4780 bona

209 4810 259 4865 45.
275 4808 367 4881 Atque
381 4807 432 4863 iroc
443 4806 503 4875 jam
519 4824 601 4880 supra
616 4810 787 4881 monuimus,
807 4827 851 4866 res
864 4827 900 4867 cx
915 4811 957 4866 di·
980 4819 983 4834 '
1000 4816 1104 4883 nostra,
1120 4811 1197 4866 verti.

162 4896 228 4952 eiua
250 4895 428 4971 praescientia
448 4902 476 4952 et
490 4896 662 4967 presidentia
677 4914 737 4953 esse
751 4898 956 4971 determinatas,
978 4879 983 4974 ξ
1046 4900 1096 4955 53.
1117 4898 1188 4954 titiis
1207 4898 1333 4970 displicet
1351 4898 1493 4971 inprimis,
1513 4898 1590 4968 qood
1614 4900 1695 4957 bona
1721 4898 1813 4963 ruah·¹

164 5000 220 5041 non
241 4984 374 5059 absolute,
390 5000 453 5057 seu,
479 4982 611 5057 quidquid
632 5001 715 5055 agas,
739 4992 788 5041 aut
808 5002 865 5042 non
879 5003 956 5061 agas,
999 5002 1052 5059 quo
1071 4986 1185 5060 physica
1205 5001 1262 5041 norr
1280 4991 1346 5043 smrt
1371 4986 1518 5041 distributa
1544 4989 1706 5045 secundum
1732 4989 1801 5045 bom

163 5072 210 5128 sed
231 5090 281 5146 per
299 5090 362 5131 raas
380 5088 476 5130 causas
489 5071 670 5145 rationesque.
715 5072 810 5145 itaque
824 5073 882 5131 sire
895 5076 957 5150 quis
999 5076 1125 5147 rrralaque
1139 5075 1270 5152 moralia,
1297 5092 1346 5133 seu
1359 5074 1434 5151 quod
1447 5090 1528 5151 saepe
1542 5074 1630 5135 bouis
1652 5082 1696 5137 esi
1722 5076 1800 5149 malt,

162 5178 265 5235 preses,
281 5162 340 5220 sica
354 5161 474 5222 studium
488 5164 517 5220 ct
531 5160 656 5219 laborem
667 5160 777 5219 inutiles
789 5160 900 5237 (1144441,
915 5164 957 5221 in·
999 5164 1079 5221 maiis
1093 5167 1135 5219 est
1150 5163 1229 5221 bene.
