3706 5828
174 331 238 399 156
777 342 808 399 L.
851 341 902 398 DE
923 340 1004 399 lese
1029 340 1192 399 NA’l'Uth

172 482 353 541 extrinsecam
378 487 486 538 tantum
512 481 639 540 tribuerit
661 482 743 539 rebus
761 481 962 543 denominatio·
983 470 988 541 1
1012 483 1124 556 accipio,
1138 487 1171 539 ut
1183 480 1320 538 desideret
1334 479 1436 553 exponi
1450 477 1667 552 intelligibiliter,
1689 494 1727 536 ne
1746 479 1797 535 sci·

172 589 251 642 nem,
275 587 313 626 an
343 587 409 627 vero
434 571 555 644 aliquam
585 572 732 629 conmlerit
755 571 962 646 impressionem
1012 572 1075 628 licet
1088 573 1213 628 credatur
1227 569 1365 644 postulare
1378 574 1411 625 ut
1424 568 1488 624 soni
1500 568 1655 640 pingantur,
1668 568 1712 623 vel
1726 569 1799 624 colo-

174 665 293 718 ereatam
308 659 339 714 in
354 659 420 732 ipsis
438 660 640 732 perdurantem,
660 660 713 733 vel,
734 665 767 716 ut
787 661 891 734 optime
906 661 961 716 Dra
1011 675 1056 718 res
1070 660 1223 716 audiantur.
1265 658 1371 715 Deinde
1386 657 1410 712 si
1424 656 1579 729 explicandi
1598 657 1742 713 difficultas
1762 657 1799 712 ad

173 747 469 806 Schelhammerus
487 747 585 816 judicii
598 765 656 804 non
671 749 762 804 minus
775 765 859 821 quam
879 765 962 823 expe-
1011 765 1055 805 ιιι
1069 749 1231 818 rejiciendas
1245 747 1350 820 suffieit,
1365 749 1570 817 cousequenter,
1586 761 1655 817 quae
1670 744 1731 817 ipse
1744 745 1798 800 sibi

173 837 288 894 rientiae
308 837 431 909 egregius
452 841 545 910 vocat,
570 837 658 911 legem
678 837 790 893 insitam
816 838 884 909 (etsi
904 839 962 911 ple-
1012 836 1114 907 injurie
1130 836 1260 910 imputari
1276 835 1407 908 querius,
1422 850 1491 906 cap.
1511 832 1538 888 1.
1553 829 1579 897 ι.
1595 833 1624 888 2.
1637 835 1713 906 quod
1728 833 1799 890 seili-

172 941 288 996 mmque
304 942 360 980 non
375 925 541 1005 intellectam
555 925 694 999 mestuus,
708 926 808 999 quibus
822 927 909 996 inest)
925 941 963 981 ex
1011 930 1055 982 cet
1069 928 1163 983 omnia
1176 941 1234 981 non
1248 925 1301 980 nisi
1320 923 1415 980 divina
1433 923 1534 978 virtute
1553 923 1659 979 moveri
1677 926 1800 977 statuere

173 1030 229 1086 qua
253 1014 375 1069 actiones
406 1014 599 1087 passionesque
628 1020 837 1087 consequantur.
883 1015 962 1071 Prius
1012 1015 1099 1088 malit,
1116 1030 1200 1086 quam
1213 1011 1318 1086 aliquid
1332 1012 1477 1069 admittere
1490 1015 1604 1067 naturae
1618 1010 1739 1082 nomino,
1753 1027 1800 1066 cu·

174 1108 302 1159 autorum
323 1103 480 1172 systematis
497 1119 640 1159 causarum
660 1103 881 1176 occasionalium
900 1119 963 1159 acu·
1008 1101 1057 1173 jus
1070 1107 1198 1159 naturam
1218 1101 1333 1174 ignoret
1376 1101 1456 1156 Certe
1480 1099 1540 1172 pari
1558 1097 1622 1168 jure
1647 1099 1800 1156 niterentur

174 1189 273 1246 tissimi
291 1191 426 1265 imprimis
440 1191 705 1266 Malebranchii,
720 1192 820 1266 dogma
838 1192 963 1263 ridetur,
1013 1191 1097 1248 etiem
1111 1191 1249 1249 llobbes
1268 1193 1297 1244 et
1315 1189 1373 1261 alii,
1394 1187 1442 1260 qui
1457 1204 1552 1244 omues
1568 1205 1610 1244 res
1624 1189 1721 1244 volunt
1738 1203 1799 1243 esse

175 1279 308 1352 posterius
328 1283 467 1354 receptum
485 1283 536 1355 est,
559 1285 588 1337 et
605 1286 644 1336 ιιι
662 1297 713 1355 ego
733 1281 861 1352 arbitror,
881 1279 965 1336 veris·
1013 1296 1165 1353 conmissa,
1185 1278 1250 1353 quia
1267 1278 1336 1334 nihil
1350 1276 1405 1334 nisi
1423 1292 1520 1350 corpm
1539 1275 1665 1333 deducte
1683 1282 1713 1332 et
1731 1276 1801 1333 ima·

175 1367 283 1423 simum
1013 1369 1170 1441 ginabiliter
1196 1365 1328 1440 explicari
1351 1382 1433 1440 posse
1451 1365 1506 1422 sibi
1529 1366 1701 1438 persuadent
1744 1364 1800 1421 Sed

221 1457 250 1511 6.
272 1456 345 1511 Nam
366 1454 455 1524 jussio
479 1455 529 1512 illa
553 1455 699 1529 praeterita
723 1472 786 1513 cum
809 1472 884 1513 nuno
906 1472 965 1512 uon
1013 1456 1056 1516 ilii
1080 1457 1135 1530 ipsi
1160 1473 1197 1514 ex
1220 1472 1255 1512 eo
1278 1455 1340 1528 ipso
1369 1458 1442 1512 recte
1463 1455 1631 1526 refutantur,
1657 1453 1732 1526 quod
1756 1453 1800 1508 vis

175 1544 285 1616 existat,
313 1540 382 1599 nihil
406 1561 480 1600 nuuc
505 1545 612 1602 efficere
637 1549 737 1619 potest,
762 1545 816 1601 nisi
844 1544 965 1617 aliquem
1013 1545 1112 1618 agendi
1136 1547 1218 1604 rebus
1243 1544 1326 1617 inest,
1351 1559 1422 1616 quae
1443 1559 1480 1599 ex
1499 1542 1723 1615 imaginabilibus
1741 1557 1801 1598 non

176 1635 242 1688 tune
262 1637 325 1706 post
339 1650 369 1688 se
383 1633 525 1704 reliquerit
544 1635 671 1690 edoctum
690 1634 894 1706 subsistentem,
916 1632 965 1706 qui
1014 1634 1166 1706 derivatur,
1187 1648 1302 1705 eamque
1321 1631 1353 1687 in
1371 1631 1425 1688 Dei
1443 1633 1611 1703 monetatum,
1632 1631 1700 1687 clim
1713 1630 1802 1686 semel

176 1737 248 1776 nuno
264 1737 373 1794 quoque
388 1720 468 1777 duret
481 1726 510 1777 et
525 1727 665 1796 operetm:
680 1726 709 1779 et
718 1721 766 1795 qui
780 1739 858 1778 secus
872 1722 964 1793 sentit,
1014 1723 1118 1795 datum,
1132 1739 1177 1778 ras
1192 1721 1267 1777 nullo
1280 1720 1364 1776 modo
1377 1719 1510 1794 ariciens,
1526 1737 1577 1776 nec
1594 1720 1723 1776 effectum
1735 1724 1802 1793 pom

176 1809 263 1881 omni,
279 1810 303 1865 si
317 1809 383 1882 quid
395 1809 501 1883 judico,
518 1810 663 1867 distinctae
683 1826 774 1867 rerum
787 1810 965 1884 explicationi
1014 1827 1045 1865 se
1060 1811 1215 1883 relinquens
1229 1809 1390 1884 simpliciter
1403 1807 1524 1881 rejicere,
1539 1811 1646 1865 tantum
1660 1808 1746 1880 abest,
1768 1815 1802 1864 ut

175 1898 331 1969 mnunciat3
350 1898 459 1971 quidvis
473 1914 510 1975 err
524 1900 620 1970 quovis
635 1899 763 1971 consequi
776 1899 837 1972 pari
846 1897 910 1967 jure
923 1898 965 1955 di·
1015 1902 1085 1956 tcrct
1097 1899 1210 1956 reddere
1223 1915 1283 1954 rem
1296 1897 1511 1971 expilatorem,
1525 1902 1558 1954 ut
1571 1898 1661 1969 petius
1674 1896 1804 1970 deposita

176 1990 276 2057 omna,
297 1989 322 2041 si
337 1986 367 2043 id
381 1986 454 2060 quod
475 1987 536 2042 loco
555 1993 711 2061 temporeve
726 1991 768 2043 est
782 1988 889 2059 absens,
904 1987 964 2043 siue
1014 1988 1168 2061 philosophi
1193 2002 1311 2061 persona
1337 1990 1410 2041 esset
1435 1986 1527 2058 gladio
1550 1986 1675 2059 gordiam
1694 1986 1802 2041 nodum

176 2074 347 2148 interposito,
363 2075 451 2131 hicet
464 2092 538 2132 nuuc
548 2076 657 2149 operari
666 2080 765 2148 potest
786 2076 882 2147 ltaque
897 2075 965 2131 satis
1014 2092 1116 2133 semro.
1160 2076 1286 2133 catcmm
1301 2075 1454 2131 distimtior
1472 2078 1500 2130 et
1520 2075 1618 2130 rectior
1631 2074 1673 2129 vis
1693 2075 1802 2130 activae

176 2179 235 2218 uon
248 2167 291 2218 est
304 2162 367 2235 diei,
382 2165 472 2220 Deum
487 2164 567 2220 initio
580 2182 624 2221 res
639 2170 777 2221 creantem
792 2164 918 2237 voluisse,
933 2169 966 2220 ιιι
1014 2165 1170 2238 explicatio,
1186 2181 1269 2238 quam
1286 2165 1415 2220 hactenus
1434 2163 1528 2219 tabita
1549 2167 1598 2234 est,
1618 2179 1654 2219 cx
1674 2162 1804 2232 dynami·

176 2255 280 2308 certam
298 2252 436 2324 quandam
455 2253 543 2326 legem
562 2254 593 2309 in
612 2270 756 2326 progressu
777 2253 962 2326 observarent,
1013 2255 1052 2311 cis
1067 2254 1178 2326 nostris,
1192 2254 1337 2326 legumque
1351 2256 1465 2308 naturae
1484 2257 1513 2307 et
1527 2257 1617 2308 motus
1636 2267 1702 2307 vera
1720 2252 1804 2307 aesti-

176 2339 200 2394 si
214 2341 341 2396 voluntas
356 2339 416 2409 ejus
432 2342 549 2414 tingatur
564 2343 604 2399 ita
619 2343 701 2398 luisse
715 2343 851 2414 inefficax,
866 2347 899 2398 ut
917 2358 962 2398 res
1013 2342 1134 2399 mationa
1147 2342 1178 2399 in
1191 2342 1247 2399 illis
1261 2341 1370 2415 tradita,
1385 2345 1413 2397 et
1426 2341 1508 2397 rebus
1522 2345 1714 2415 consentanea,
1730 2340 1805 2397 deri·

175 2429 213 2485 ab
227 2444 260 2484 ea
274 2445 331 2483 non
345 2431 447 2485 locriut
461 2432 584 2506 allectae,
599 2449 651 2487 uec
664 2431 796 2487 durabilis
817 2430 848 2485 in
868 2430 903 2486 iis
923 2433 962 2487 er‘-
1012 2436 1101 2488 vatur.

176 2513 313 2572 tramisit
328 2518 482 2590 productos.
527 2521 562 2576 Et
575 2525 679 2594 pugnat
699 2522 821 2593 protecte
836 2535 899 2574 cum
914 2536 964 2575 uo·
1059 2519 1088 2575 8.
1110 2517 1191 2584 Quod
1215 2517 1240 2573 si
1264 2517 1326 2590 quis
1351 2518 1479 2574 defensor
1498 2516 1685 2592 philosophiae
1701 2532 1803 2590 novae,

175 2606 252 2660 tione
265 2604 374 2661 divitiae
392 2608 533 2679 potentiae
555 2609 766 2682 voluntatisque,
787 2624 871 2681 purae
889 2607 964 2663 illius
1013 2607 1143 2665 inertiam
1162 2622 1254 2662 rerum
1273 2610 1303 2663 et
1320 2610 1460 2678 torporem
1477 2606 1688 2678 introducentis,
1708 2622 1743 2663 ec
1757 2622 1804 2661 m·

175 2697 204 2750 et
218 2693 367 2767 absolutae,
390 2697 459 2753 velle
472 2697 563 2753 Deum
577 2703 606 2754 et
625 2703 718 2754 tamen
733 2696 852 2754 volendo
865 2696 964 2769 produ·
1013 2713 1067 2771 que
1085 2695 1283 2769 progrediatur,
1308 2698 1340 2750 at
1363 2710 1474 2750 omnem
1496 2694 1581 2765 jussis
1594 2695 1648 2750 Dei
1671 2695 1802 2751 effectum

175 2797 237 2836 cere
252 2786 301 2836 aut
315 2782 463 2840 immutare
476 2771 561 2856 nihi13
580 2803 713 2858 agereque
727 2800 842 2857 semper,
858 2785 964 2841 efficere
1013 2785 1167 2843 durabilem
1178 2783 1379 2855 efficaciamque
1393 2783 1424 2839 iu
1439 2786 1561 2840 lutrarum
1570 2784 1704 2856 adimam,
1717 2784 1803 2840 etiam

175 2884 325 2941 nunquam,
341 2886 429 2943 neque
442 2888 512 2946 opus
528 2875 570 2930 vel
585 2860 793 2946 οἱποτελεσμα
811 2873 964 2945 relinquere
1014 2891 1101 2930 novas
1130 2888 1239 2945 semper
1263 2872 1420 2930 molitiones
1446 2872 1484 2928 ab
1508 2872 1570 2945 ipso
1596 2874 1707 2945 exigere
1733 2873 1803 2929 nibil

175 2959 269 3014 ullum.
313 2958 392 3014 Certe
407 2960 431 3014 si
452 2962 520 3016 nihil
538 2963 669 3018 creaturis
687 2962 849 3036 impressum
868 2967 910 3017 est
924 2962 965 3018 eli·
1014 2962 1093 3038 pensi
1112 2961 1219 3032 habeat,
1237 2955 1328 3037 (quod
1342 2961 1395 3016 Da.
1413 2959 1587 3018 S'turmius
1601 2978 1619 3017 a
1632 2979 1662 3017 se
1677 2961 1803 3017 alienum

175 3045 241 3101 sino
266 3045 317 3101 illo
342 3049 441 3104 verbo:
470 3050 602 3122 producat
632 3056 720 3124 tene,
746 3049 964 3122 multiplicemini
1015 3047 1408 3123 esscprudenturprofitetur)
1424 3050 1546 3122 isquam
1565 3049 1721 3123 ‹lignaDeo
1741 3067 1804 3106 sen·

175 3134 320 3205 amman,
343 3136 368 3190 si
381 3153 425 3192 res
438 3138 552 3211 perinde
568 3143 632 3212 post
644 3140 734 3213 ipsum
749 3141 825 3195 hiere
839 3140 962 3213 affectae,
1014 3141 1074 3212 tiat,
1088 3138 1148 3212 ipsc
1161 3138 1274 3210 viderit,
1296 3139 1419 3196 excusari
1433 3143 1526 3195 autem
1545 3154 1603 3196 non
1616 3138 1727 3212 poterit,
1747 3139 1803 3194 uisi

175 3239 208 3280 ac
222 3223 247 3277 si
260 3224 367 3279 nullum
382 3223 490 3294 jussum
508 3228 714 3299 intervenisset3
734 3243 902 3299 comequens
921 3232 965 3284 est
1013 3229 1148 3285 rationem
1162 3228 1268 3300 atieret,
1287 3243 1336 3284 cur
1349 3245 1393 3283 res
1407 3227 1518 3300 quidem
1535 3227 1613 3301 ipsae
1633 3227 1804 3299 aliquamdiu

176 3311 253 3381 (cum
272 3314 443 3371 connexione
462 3315 555 3388 aliqua
574 3317 646 3372 inte-r
664 3332 775 3372 causam
790 3320 820 3371 et
838 3318 965 3373 effectum
1014 3318 1112 3374 dmare
1125 3315 1241 3390 possint,
1256 3315 1389 3372 attributa
1407 3321 1500 3372 autem
1514 3333 1615 3388 rerum,
1629 3331 1700 3389 qme
1716 3317 1746 3371 in
1760 3317 1803 3388 ip·

176 3417 245 3474 opus
259 3400 304 3473 sit,
325 3402 370 3457 rel
391 3403 558 3478 immediata,
577 3406 622 3460 vel
637 3421 686 3478 per
705 3404 817 3478 aliquod
835 3405 965 3462 interrae·
1015 3407 1053 3461 sis
1065 3411 1180 3461 natmae
1195 3404 1307 3460 nomine
1320 3405 1506 3478 intelligimus,
1520 3405 1655 3461 durabilia
1668 3420 1731 3461 esse
1743 3421 1803 3461 nou

175 3489 266 3559 dium)
282 3495 331 3546 aut
343 3491 412 3547 nliril
428 3493 486 3548 lieri
504 3509 578 3550 nuuc
591 3498 806 3550 consentaneum
821 3495 962 3569 mandato,
1014 3495 1137 3568 possint:
1156 3511 1203 3550 eur
1222 3497 1315 3549 minen
1332 3498 1546 3550 consentanemn
1566 3493 1611 3566 sit,
1625 3493 1802 3565 quemadmo-

174 3581 224 3634 aut
249 3579 408 3635 mandatum
429 3585 536 3637 tautum
554 3582 672 3638 valuisse
691 3583 721 3637 in
734 3598 874 3656 praesens,
894 3600 965 3638 sem·
1015 3584 1081 3640 dum
1094 3583 1210 3638 verbum
1223 3583 1285 3654 liat,
1304 3582 1407 3654 aliquid
1427 3586 1490 3655 post
1508 3599 1539 3637 se
1554 3582 1681 3654 reliquit,
1701 3598 1803 3655 nempe

174 3684 224 3740 per
252 3669 440 3726 renovandum
468 3671 499 3725 iu
529 3672 666 3743 t'uturum3
698 3671 773 3743 quod
805 3672 845 3727 Cl.
874 3673 965 3728 Autcr
1013 3689 1073 3730 rem
1089 3672 1177 3744 ipsam
1188 3671 1393 3744 persistentem,
1408 3670 1448 3727 ita
1462 3671 1577 3727 verbum
1591 3671 1802 3727 benedictio·

174 3756 274 3812 merito
293 3772 312 3812 a
331 3774 361 3814 se
380 3757 516 3815 amolitur.
560 3760 609 3816 Sin
629 3775 695 3816 vero
713 3760 761 3815 lex
782 3775 800 3814 a
822 3760 882 3815 Deo
907 3761 965 3817 lata
1014 3762 1069 3817 nis
1091 3777 1148 3816 uon
1163 3759 1255 3816 minus
1268 3759 1420 3833 mirificum,
1436 3761 1557 3833 aliquam
1575 3764 1639 3832 post
1658 3776 1689 3815 se
1708 3759 1740 3815 in
1758 3777 1803 3815 re·

174 3843 286 3915 reliquit
316 3846 429 3918 aliquod
455 3847 497 3903 sui
527 3864 690 3921 expressum
719 3848 749 3903 in
774 3847 857 3905 rebus
880 3849 965 3905 vesti·
1014 3851 1066 3907 bus
1080 3849 1224 3922 reliquisse
1242 3847 1408 3922 producendi
1428 3853 1504 3904 actus
1524 3865 1599 3921 suos,
1615 3849 1803 3922 operandique

174 3931 261 4004 gum,
278 3932 303 3987 si
316 3950 361 3988 res
375 3935 415 3990 ita
434 3937 510 3992 foere
525 3939 658 3993 lommtae
672 3937 811 4010 mandato,
831 3941 863 3991 ut
883 3943 965 4012 aptae
1014 3937 1226 3996 foecunditatem
1248 3937 1382 4010 nisumve,
1403 3953 1439 3992 ex
1457 3954 1512 4010 quo
1530 3938 1664 4011 opmatio,
1686 3936 1711 3991 si
1732 3937 1802 3993 nihil

174 4019 352 4076 redderentur
375 4023 412 4080 ad
437 4023 605 4098 implendam
629 4025 754 4095 jubentis
779 4025 964 4099 voluntatem3
1013 4029 1106 4085 obstet
1119 4033 1306 4098 consequatur.
1342 4026 1449 4092 Quibus
1461 4026 1527 4083 addi
1540 4030 1631 4101 potest
1643 4026 1719 4099 quod
1732 4025 1803 4082 alibi

170 4105 232 4176 jam
254 4109 457 4180 concedendum
477 4116 526 4186 est,
547 4115 686 4186 quandam
706 4113 824 4170 inditam
843 4131 903 4173 esse
922 4132 965 4171 re·
1013 4133 1089 4173 ame
1103 4115 1270 4189 explicatum
1288 4118 1339 4187 est,
1361 4114 1433 4169 etsi
1456 4116 1579 4171 inondum
1598 4116 1713 4171 tortasse
1733 4115 1803 4170 satis

174 4197 227 4253 bos
246 4198 410 4271 efficaciam,
431 4203 563 4274 formam,
583 4204 628 4259 vel
647 4203 719 4275 vim,
739 4204 829 4274 qualis
849 4208 964 4260 naturae
1013 4208 1184 4278 perspectam
1197 4202 1335 4275 omnibus,
1354 4203 1443 4275 ipsam
1461 4221 1553 4260 rerum
1566 4203 1749 4259 substantiam
1770 4204 1803 4258 in

174 4285 318 4342 nominee
333 4287 414 4343 uobis
428 4289 514 4362 accipi
528 4293 608 4366 solet,
628 4308 665 4347 cx
680 4308 735 4364 qua
747 4292 832 4348 series
846 4293 964 4364 paruo·
1013 4291 1111 4367 agendi
1125 4291 1301 4364 patiendique
1315 4290 1344 4345 vi
1358 4291 1519 4347 consistere:
1529 4292 1530 4297 ’
1539 4292 1613 4348 unde
1630 4307 1803 4363 consequens

173 4389 317 4430 menorum
331 4375 367 4453 ad
386 4375 469 4449 primi
486 4376 581 4446 jussus
599 4380 798 4454 praescriptum
818 4395 964 4453 conseque·
1014 4386 1065 4454 cst,
1081 4396 1118 4436 ne
1131 4396 1175 4434 res
1188 4379 1299 4451 quidem
1309 4379 1443 4435 durabilis
1454 4381 1566 4453 produci
1575 4397 1669 4453 posse,
1684 4380 1709 4434 si
1723 4381 1804 4435 nulla

174 4467 257 4519 retur.
1014 4470 1081 4543 ipsis
1094 4468 1138 4523 vis
1151 4467 1318 4539 aliquamdiu
1333 4485 1495 4542 permanens
1516 4469 1609 4525 divina
1628 4469 1731 4524 vinata
1750 4468 1804 4523 im·

219 4550 248 4606 7.
269 4550 345 4607 Haec
364 4556 458 4608 auteur
479 4552 521 4608 vis
540 4553 625 4610 insita
645 4555 773 4613 distincte
792 4555 901 4628 quidem
922 4556 964 4612 in·
1012 4556 1095 4632 primi
1115 4559 1214 4629 potest.
1257 4557 1300 4611 lta
1319 4562 1477 4629 sequeretur
1495 4559 1600 4614 nubam
1618 4557 1804 4614 substantiam

173 4638 258 4712 telligi
272 4644 371 4712 potest,
387 4642 436 4696 sed
451 4656 509 4697 nen
522 4642 654 4717 explicari
667 4643 896 4716 imaginabiliter,
912 4661 964 4702 nee
1012 4650 1141 4717 creatam,
1155 4645 1261 4701 nullam
1275 4646 1396 4702 auiuram
1411 4647 1528 4703 eandem
1542 4662 1657 4702 numero
1677 4661 1803 4720 nranere,

173 4745 241 4786 sanc
261 4727 300 4784 ita
313 4729 447 4801 explicari
459 4730 556 4804 debet,
576 4748 633 4788 uon
654 4733 742 4806 magis
761 4748 845 4804 quam
864 4737 963 4790 natura
1012 4735 1132 4806 nihilque
1146 4733 1217 4789 adeo
1230 4752 1247 4790 a
1259 4735 1319 4790 Deo
1330 4736 1494 4810 conservari,
1510 4734 1667 4809 acproindc
1682 4750 1728 4790 res
1743 4751 1806 4790 om·

172 4818 295 4888 animam
320 4821 364 4872 est
388 4817 462 4873 enim
486 4819 529 4874 vis
549 4836 587 4875 ex
605 4836 701 4875 earum
720 4837 811 4877 rerum
838 4838 961 4894 numero,
1012 4841 1060 4879 nes
1074 4838 1134 4877 esse
1144 4827 1252 4879 tantum
1263 4824 1392 4879 evanidas
1403 4825 1533 4896 quasdam
1548 4825 1606 4880 sive
1616 4825 1704 4878 fluxas
1718 4823 1805 4879 unius

171 4923 242 4978 quac
257 4922 314 4962 non
335 4905 540 4980 maginatione,
558 4908 607 4964 sed
627 4908 766 4964 intellectu
781 4910 961 4983 attinguntur.
1011 4911 1120 4968 divinae
1135 4912 1306 4968 substantiae
1327 4913 1514 4985 pernrauentis
1528 4912 1756 4983 modificationes,
1774 4917 1806 4968 ot

172 4995 267 5067 ltaque
282 4995 355 5067 quod
373 4994 445 5069 petit
462 4996 513 5052 Vir
526 4998 559 5053 el.
581 5013 606 5054 e.
623 4999 651 5052 l.
670 4992 697 5062 d.
714 4997 742 5051 6.
762 4997 963 5056 dissertationis
1011 5002 1163 5075 plasmata,
1178 5005 1209 5055 ut
1226 5001 1266 5056 sic
1279 5000 1385 5073 diram,
1404 5005 1433 5057 ct
1448 5000 1521 5073 quod
1540 5001 1638 5056 eodem
1657 5001 1740 5074 redit,
1760 5001 1806 5073 ip-

172 5084 367 5157 apologeticae,
383 5083 595 5159 imaginabiliter
613 5082 746 5160 explicari
765 5086 886 5161 modum,
905 5104 963 5160 qao
1012 5106 1072 5146 sam
1099 5091 1240 5162 naturam,
1270 5090 1316 5145 rel
1344 5090 1526 5146 substantiam
1554 5106 1645 5147 rerum
1676 5088 1807 5146 omnium

172 5173 219 5228 lea
235 5171 319 5230 insita
333 5172 364 5230 in
382 5173 543 5248 corporibus
558 5173 627 5249 legis
642 5173 745 5249 ignaris
759 5179 902 5251 operetur,
922 5176 963 5235 sic
1013 5179 1102 5236 Deum
1117 5193 1194 5252 essc3
1212 5177 1322 5253 qualem
1336 5178 1471 5253 pessimae
1486 5182 1569 5237 nome
1583 5177 1737 5237 doctrinam
1751 5195 1806 5238 nu·
