3706 5828
693 330 1088 392 enannarro.
1208 298 1216 316 “
1644 335 1719 399 m

76 464 154 557 quid
174 485 240 535 nou
260 465 310 547 sit,
330 473 439 532 tamen
459 461 539 533 haec
559 465 628 556 ipss
649 467 872 534 commentatio
894 464 1026 532 dubitari
1047 486 1112 533 non
1133 471 1238 555 potest
1258 486 1299 534 ao
1313 463 1526 559 philosophica
1548 470 1605 539 sit.
1628 467 1715 540 Nam

75 579 173 649 cardo
194 582 294 648 totius
314 579 410 672 hujus
431 578 525 648 libelli
545 589 689 648 versatur
708 582 741 648 in
763 602 802 648 ea
824 580 1016 648 substantiae
1035 581 1174 661 nodone,
1196 589 1270 670 qua,
1290 603 1366 650 cum
1386 584 1502 675 cuique
1523 583 1715 654 substantiae

74 718 153 766 vera
175 697 258 764 actio
280 694 490 778 adscribatur,
517 695 673 787 Spinosae
694 693 923 787 philosophiam
944 696 1027 764 vinci
1054 705 1085 763 et
1106 694 1198 786 plane
1220 697 1319 764 everti
1340 700 1522 786 saepissime
1542 699 1714 769 leibnitius
1741 685 1743 687 ’

73 809 135 876 sibi
156 807 340 902 gratulatura
384 809 434 878 Cl.
457 809 516 902 Ep.
538 833 603 901 seq.

120 924 193 992 'Lt
214 922 401 1015 Epistola
414 924 461 992 de
475 924 595 993 rebus
610 923 900 1017 philosophicis
919 922 966 992 ad
980 923 1089 991 Fred.
1104 923 1395 1009 Hoffmannum,
1409 947 1491 993 anno
1505 926 1713 999 MDCXCIX

74 1039 264 1128 conscripta,
282 1041 317 1108 iu
337 1039 518 1107 Hoffmanni
539 1062 612 1133 opp.
634 1042 771 1131 primum
792 1040 931 1132 vulgata,
951 1038 1024 1108 inde
1044 1038 1193 1107 Dutensii
1213 1041 1341 1108 editioni
1359 1042 1475 1108 inserta
1496 1064 1527 1132 p.
1550 1045 1625 1111 260.

167 1151 228 1222 Lll.
253 1154 435 1224 Historia
463 1164 502 1224 et
530 1155 816 1225 commendatio
844 1154 1004 1247 linguae
1024 1153 1330 1239 charactericae,
1352 1159 1575 1225 commentatio
1604 1182 1623 1226 a
1645 1158 1712 1229 Rs·

76 1270 149 1359 spio
168 1269 307 1359 primum
329 1269 411 1338 edita
433 1268 465 1356 (1.
486 1291 514 1337 c.
536 1292 567 1360 p.
588 1272 688 1358 533.).
716 1269 877 1339 lhaberis
897 1272 1002 1338 forsan
1024 1268 1109 1361 quod
1129 1268 1212 1339 hanc
1232 1270 1481 1340 dissertatmnem
1503 1294 1523 1338 a
1544 1277 1656 1341 ceteris
1676 1299 1711 1343 e·

72 1382 204 1474 jusdem
224 1386 401 1478 argumenti
423 1382 497 1470 (No.
521 1383 728 1471 Xl-Xllll)
750 1387 970 1477 separaverim.
1014 1384 1192 1453 Suaserunt
1211 1385 1259 1468 id,
1286 1397 1412 1478 praeter
1432 1384 1511 1454 illud
1537 1387 1623 1478 quod
1646 1394 1714 1482 jam

75 1501 162 1590 typis
182 1497 310 1593 vulgata
331 1509 413 1583 erat,
435 1510 521 1569 certa
540 1500 654 1568 indicia
675 1500 788 1593 quibus
809 1502 1005 1593 provectiore
1034 1509 1137 1568 aetate
1165 1523 1238 1567 eam
1259 1503 1468 1592 conscriptam
1490 1525 1561 1570 esse
1582 1506 1649 1571 veri
1669 1507 1712 1574 si-

77 1612 155 1682 mile
175 1614 253 1683 mihi
280 1617 383 1682 visrrm
406 1625 463 1684 est.
507 1615 681 1706 Praecipue
702 1617 854 1684 rationem
877 1613 946 1682 dieo
970 1637 1033 1707 qua
1056 1614 1279 1683 dissertationis
1300 1638 1378 1684 suae
1400 1615 1440 1685 de
1462 1627 1529 1685 arte
1550 1618 1712 1689 combina-

75 1731 158 1797 toria
179 1734 371 1799 mentionem
393 1733 474 1798 iacit

166 1843 242 1912 Llll.
269 1845 485 1937 Prdceptes
510 1867 612 1936 pour
633 1867 802 1913 avancer
827 1843 887 1911 les
908 1847 1103 1928 scienccs,
1130 1842 1361 1938 autographum
1382 1844 1611 1916 Leibnitianum
1631 1874 1713 1919 nou·

75 1957 155 2026 dum
175 1959 280 2030 adbuc
300 1962 428 2030 editum.
473 1962 582 2048 Quum
609 1984 628 2027 e
655 1958 815 2028 literarum
841 1957 940 2051 figura
970 1962 1080 2050 conjici
1106 1969 1203 2051 queat
1230 1959 1312 2028 hanc
1340 1960 1586 2030 dissertationem
1613 1968 1714 2033 serius

75 2077 287 2167 conscriptam
309 2100 380 2144 esse
402 2100 500 2168 quam
528 2100 608 2168 quas
629 2099 724 2169 supra
745 2073 817 2160 (No.
838 2072 1042 2160 Xl-XXIl)
1065 2076 1246 2158 citavimus,
1277 2074 1318 2143 ob
1346 2079 1522 2167 argumenti
1550 2083 1712 2171 cognatio-

76 2210 154 2256 nem
175 2212 247 2257 eam
267 2191 348 2259 inter
370 2214 425 2260 eas
447 2191 671 2262 collocavimus
698 2213 781 2282 quae
801 2189 938 2281 Respius
961 2186 1068 2271 edidit,
1094 2190 1176 2259 inter
1197 2188 1359 2257 historiam
1381 2191 1476 2259 modo
1497 2190 1658 2264 laudatam
1679 2208 1712 2266 et

77 2313 248 2373 naculum
276 2305 529 2398 subsequentem.

168 2417 246 2488 LIV.
271 2421 466 2491 Discours
492 2418 757 2511 touchant'la
775 2418 955 2487 methodc
983 2418 1029 2488 de
1056 2417 1093 2487 la
1121 2417 1325 2487 certitude.
1377 2421 1483 2506 Quam
1511 2424 1712 2515 scriptionem

77 2531 230 2637 altaspio
249 2534 367 2606 editam
389 2561 427 2606 eo
449 2523 591 2629 tempore
613 2536 822 2627 conscriptam
844 2557 914 2603 esse
936 2557 1001 2627 quo
1021 2535 1055 2604 iu
1075 2534 1158 2626 regis
1178 2532 1348 2602 Bonusiae
1368 2535 1627 2608 consuetudinem
1647 2543 1712 2633 pri·

70 2642 168 2717 inum
188 2655 316 2735 venerit,
337 2675 378 2720 ex
398 2655 436 2720 iis
458 2677 540 2744 quae
561 2653 699 2720 continet
717 2659 813 2744 patet

165 2765 233 2835 LV.
261 2766 377 2834 Dela
399 2768 717 2837 de'monstratiou
739 2766 1000 2833 Cartc'sienrre
1028 2763 1075 2832 de
1096 2761 1329 2833 l'existence
1350 2763 1396 2832 de
1416 2762 1521 2834 Dieu
1543 2765 1653 2849 dull.
1675 2772 1712 2840 P.

74 2878 192 2948 Lami.
227 2881 273 2950 llli
293 2885 353 2975 ipsi
374 2881 460 2974 quod
481 2894 573 2951 antea
591 2885 657 2974 jam
678 2883 870 2975 perspexerit
891 2882 940 2964 (cl.
961 2878 1022 2947 No.
1038 2878 1127 2965 Vlll.)
1150 2881 1225 2947 vitio
1247 2881 1424 2970 argumenti
1446 2880 1615 2974 ontologici
1630 2886 1711 2956 Car-

77 2997 189 3064 tesiani
210 2998 330 3067 mederi
351 3007 483 3065 conatur
509 2996 570 3066 hac
591 2998 872 3078 commentatione,
896 2997 930 3062 in
957 2996 1117 3062 memoriis
1139 2992 1341 3062 Trivultianis
1369 3018 1452 3063 auno
1482 2994 1622 3066 MDCCI
1648 3003 1712 3093 pni-

74 3134 168 3179 mum
189 3113 281 3181 edita.
325 3110 442 3179 Nescio
469 3135 511 3180 an
531 3111 593 3180 hoc
618 3123 759 3205 tempore
780 3108 934 3179 Leibnitio
955 3119 1068 3176 notum
1089 3111 1180 3177 luerit
1201 3132 1281 3202 opus
1302 3108 1504 3179 Cudworthi:
1551 3112 1622 3183 The
1640 3127 1714 3187 true

73 3225 270 3299 intellectual
291 3237 411 3317 system
433 3229 467 3294 oi
485 3226 539 3304 the
560 3230 706 3296 universe
728 3237 787 3295 etc.
809 3222 908 3294 Lond.
924 3227 1021 3293 1678.
1043 3222 1120 3305 Fal,
1140 3221 1202 3290 hoc
1223 3234 1309 3292 certe
1329 3226 1404 3307 scio,
1424 3226 1457 3293 in
1477 3225 1539 3295 hoc
1554 3228 1713 3303 Cudwor·

73 3340 122 3408 thi
142 3364 238 3434 opere
258 3367 289 3435 p.
304 3342 370 3411 725
392 3353 616 3434 argumentum
637 3343 699 3435 legi
719 3344 784 3409 iere
807 3338 847 3408 ad
868 3338 1001 3407 verbum
1021 3361 1096 3406 cum
1110 3337 1303 3407 Leibnitiano
1325 3362 1504 3432 congruens
1523 3346 1573 3429 (ci.
1587 3358 1713 3419 nostrae

74 3454 234 3526 Historiae
253 3458 433 3526 recentioris
454 3454 668 3550 philosophiae
690 3456 727 3525 P.
746 3455 768 3524 l.
792 3455 884 3524 Tam.
899 3453 934 3521 ll.
955 3479 985 3547 p.
1000 3457 1087 3540 214).
1131 3450 1262 3545 Legitur
1281 3452 1361 3524 haec
1383 3461 1606 3528 commentatio
1629 3464 1713 3558 apud

74 3570 271 3639 Dutensium
300 3571 320 3638 l.
342 3595 369 3639 c.
391 3575 465 3640 254.
956 3602 960 3611 ·

166 3685 248 3755 Lvt
278 3687 608 3756 Considerarions
635 3711 701 3754 sur
726 3685 763 3753 la
791 3684 970 3753 doctrine
998 3682 1084 3751 d’un
1112 3685 1235 3777 esprit
1262 3684 1472 3753 universel
1516 3684 1586 3755 llae
1606 3693 1711 3760 consi·

73 3800 252 3872 dotationes
278 3801 420 3871 nondum
449 3801 551 3871 adhuc
576 3801 693 3884 editae,
729 3799 913 3868 aLeibnitii
933 3802 1030 3899 ipsius
1052 3823 1150 3867 manu
1171 3800 1366 3890 conscriptae
1386 3797 1574 3869 Hanoverae
1600 3805 1634 3872 in
1654 3806 1711 3876 Bi-

73 3915 230 3985 bliotheca
250 3917 350 4009 Regia
378 3926 585 3985 asservantur.
631 3915 753 4002 Quibus
778 3918 845 4008 ipse
866 3914 1037 3983 Leibnitius
1064 3914 1150 3984 hunc
1172 3913 1298 3982 titrdum
1324 3915 1519 4006 praeposuit,
1546 3927 1642 4010 atque
1662 3924 1712 3993 in.

74 4034 209 4124 scripsit,
228 4055 284 4100 eas
305 4057 387 4102 anno
409 4031 608 4115 MDCCCll,
628 4029 806 4121 Luseburgi
834 4027 939 4116 (hodie
961 4029 1236 4119 Charlottenburg)
1258 4038 1402 4096 exaratas
1423 4053 1501 4099 esse

164 4146 260 4217 Lvu
281 4148 479 4241 Replique
500 4171 576 4216 aux
597 4145 830 4227 reflexione,
857 4153 1073 4213 couteuues
1102 4145 1198 4213 dans
1225 4141 1263 4210 la
1291 4142 1465 4212 seconde
1487 4145 1640 4217 e'ditiou
1662 4150 1712 4221 du

74 4264 341 4333 dictionnaire
372 4265 543 4355 critique
575 4261 620 4330 de
647 4261 709 4329 lllr.
736 4258 876 4350 Bayle,
909 4258 1048 4327 article
1069 4259 1260 4327 Rorarius
1294 4282 1362 4327 sur
1392 4258 1430 4326 le
1461 4264 1634 4350 systbmc
1667 4267 1713 4338 de

73 4379 305 4449 l‘barmonie
331 4377 558 4472 preetablie.
604 4377 696 4462 Quae
723 4375 886 4467 responsio
915 4373 956 4442 ad
976 4373 1077 4464 Baylii
1106 4374 1295 4464 objectiones
1324 4375 1461 4465 primum
1483 4374 1566 4443 edita
1588 4389 1637 4446 est
1663 4383 1711 4452 in:

75 4495 236 4564 -blistoire
256 4496 387 4585 critique
408 4494 449 4561 de
469 4492 501 4561 la
521 4490 704 4586 republique
726 4489 781 4558 des
801 4489 935 4573 lettres·
959 4488 1096 4579 indeque
1116 4512 1137 4557 a
1157 4488 1314 4557 Dutensio
1336 4487 1368 4573 (l.
1383 4511 1410 4555 c.
1425 4513 1455 4580 p.
1471 4493 1526 4575 80)
1547 4492 1580 4558 in
1601 4492 1711 4564 editio.

70 4635 149 4682 nem
170 4634 263 4677 suam
283 4618 417 4702 recepta.
462 4609 568 4694 Quam
591 4630 672 4674 anno
696 4603 849 4672 MDCCll
869 4607 949 4672 inter
970 4627 1097 4672 menses
1119 4602 1192 4695 llaj.
1214 4614 1247 4672 et
1268 4604 1351 4694 Aug.
1373 4606 1581 4697 conscriptam
1602 4632 1713 4680 essee

70 4729 265 4795 commercio
286 4723 447 4818 epistolico
467 4721 611 4792 Leibnitii
631 4745 706 4789 cum
727 4720 918 4788 Bemouillio
941 4718 1047 4806 draus
1069 4729 1102 4787 et
1123 4718 1242 4787 Genev.
1266 4720 1363 4786 1745.
1385 4741 1415 4808 p.
1431 4721 1474 4787 77
1497 4721 1595 4808 orso)
1617 4737 1713 4817 pater,

72 4842 192 4933 quippe
213 4843 266 4908 cui
285 4851 395 4909 noster
416 4839 444 4906 d
468 4845 520 4908 19.
543 4837 615 4930 blaj.
638 4840 724 4906 tros
746 4839 913 4929 scripserat
933 4858 970 4902 se
990 4837 1023 4903 in
1046 4857 1085 4903 eo
1107 4858 1179 4903 esse
1200 4843 1238 4900 ut
1257 4832 1475 4925 responderet,
1497 4844 1530 4901 et
1550 4858 1625 4905 cum
1647 4865 1711 4933 quo

71 4956 103 5024 d
128 4960 179 5025 19.
201 4955 281 5048 Aug.
303 4956 540 5048 responsionem
566 4952 649 5022 hanc
670 4952 922 5020 communicavit.

163 5068 271 5140 LVlll.
291 5070 429 5140 Lettre
455 5071 476 5138 ir
497 5067 565 5138 otr,
583 5067 723 5158 Bayle3
751 5090 849 5159 quam
870 5064 1010 5135 Federus
1032 5067 1152 5160 primus
1179 5063 1274 5132 edidit
1294 5062 1599 5157 epistolnmeodem
1620 5071 1709 5138 circi-

68 5198 122 5258 ter
140 5196 400 5284 temporeatque
420 5185 516 5256 modo
535 5182 695 5255 hudatam
714 5183 950 5279 responsiomm
971 5181 1088 5253 editam
1105 5204 1188 5265 esse,
1207 5181 1308 5275 prima
1328 5177 1424 5273 hujus
1444 5179 1593 5273 epistolae
1614 5186 1712 5256 verba
