3706 5828
313 96 347 153 ἱ
363 136 370 145 ·

196 288 293 471 ‘kl
314 388 317 393 ·
546 351 579 408 V.
607 350 658 408 DE
675 350 777 409 S'l'lw
795 350 1057 409 eunusoeffloo
1072 348 1216 411 alzona
1650 347 1695 415 65

67 491 117 547 1119
128 482 385 564 aerumqmndam
403 493 630 566 compositionem
649 493 792 568 medicam,
813 494 857 550 hio
906 492 1132 566 instrumentum,
1148 493 1264 550 dooemli
1274 497 1367 552 autem
1377 495 1496 569 cogitata
1506 502 1600 554 nostia
1610 515 1696 574 prope

67 580 200 636 tuhomm
213 579 366 652 optinorum
380 582 466 654 magis
481 581 619 654 magisque
633 582 857 654 puiciemlomm
905 581 1031 663 1191991115
1045 599 1130 654 qumn
1144 581 1261 654 denique
1274 582 1371 639 iisdem
1385 585 1485 657 regulis
1499 586 1580 642 simul
1594 591 1623 642 et
1637 606 1695 646 mo·

66 667 260 742 compendium
274 684 292 724 a
306 685 336 724 se
355 674 492 742 repertum
512 670 673 743 aenigmatis
693 671 767 727 nube
787 671 856 745 sepi·
904 671 1056 727 vendomm
1075 672 1230 742 affectuum,
1251 672 1484 745 regendannnquo
1496 675 1695 746 cogitationum

67 761 175 814 vmmrt
220 756 253 813 ln
273 756 490 831 philosophando
510 762 601 814 tannen
616 764 749 833 accurate,
770 759 855 816 idest
904 759 985 831 ratio,
1011 763 1047 833 et,
1073 760 1173 831 quibus
1198 775 1284 832 prope
1304 760 1371 815 solis
1390 761 1418 817 id
1438 763 1477 835 tit,
1493 764 1639 820 rerbomm
1658 768 1695 825 ad

67 846 100 902 in
118 844 283 918 deliniendo,
303 844 450 902 diuidendo
471 851 499 902 et
513 847 735 921 demonshamlo,
756 847 855 921 dispol-
904 848 955 904 hoe
980 852 1045 919 apte
1070 847 1292 903 collocandomm
1322 854 1465 921 praecepta
1488 851 1693 910 contineantur:
1753 906 1757 913 .

25 952 28 957 ·
68 934 164 1003 leodm
183 951 244 990 eme
263 929 359 990 omues
377 934 440 990 illas
453 935 576 1007 nebulas,
596 952 654 992 nou
672 941 714 992 eat
728 936 855 993 dubitan-
904 935 944 991 ita
959 952 1016 991 non
1029 935 1239 1008 improbandum
1253 935 1381 1008 arbitror,
1396 938 1444 1010 qui
1458 938 1540 995 9119111
1559 944 1588 995 91
1602 941 1636 998 de
1649 959 1695 999 co·

68 1023 146 1091 dun,
176 1022 289 1079 licebat
302 1022 475 1095 Philosophia
493 1025 539 1080 vel
557 1025 651 1098 lingua
671 1025 790 1097 quadam
808 1041 855 1097 pe
906 1024 1010 1097 gitaudi
1024 1024 1183 1098 praeceptis,
1199 1029 1227 1079 et
1242 1040 1339 1096 9911919
1357 1025 1465 1083 dicendi
1486 1029 1522 1083 ad
1541 1029 1694 1088 docentium

67 1111 173 1184 mliari,
189 1110 264 1184 quod
284 1111 318 1167 de
339 1111 482 1184 Aegyptiis
502 1116 531 1167 et
550 1113 691 1168 Hetruscis
709 1113 855 1169 sacerdoti·
905 1117 971 1185 apto
990 1117 1108 1168 tractare
1131 1112 1279 1185 adlegiet
1298 1118 1389 1186 partes
1410 1116 1546 1187 pertinere
1564 1118 1693 1176 tuebitur.

67 1201 121 1257 bus
135 1203 233 1274 lertm,
255 1199 299 1255 rel
313 1199 445 1273 9911911119
458 1200 564 1274 saltem,
579 1202 653 1274 quod
667 1217 741 1257 nune
754 1202 857 1258 19911191
905 1201 995 1266 Quam
1008 1218 1059 1257 999
1073 1201 1235 1257 Nizolius
1249 1202 1378 1275 pacavit,
1393 1204 1467 1275 quod
1481 1205 1512 1259 iu
1525 1205 1626 1278 logica
1640 1213 1696 1265 tra·
1714 1271 1715 1274 ¹

67 1290 210 1361 Sinemas,
231 1304 281 1344 sua
301 1289 430 1362 occulere,
452 1289 601 1346 dummodo
620 1291 651 1346 in
665 1290 716 1346 1199
730 1290 790 1364 ipsa
802 1292 855 1347 liu·
905 1289 1025 1345 ctatione
1043 1289 1151 1346 dioeudi
1178 1289 1317 1345 rationem
1340 1297 1466 1347 exactam
1485 1294 1588 1365 passim
1605 1302 1693 1371 urget,

68 1394 137 1450 gua,
157 1377 187 1432 iu
205 1377 257 1433 hae
275 1377 336 1448 ipm
360 1377 506 1450 scriptma,
526 1379 580 1452 ipsi
600 1379 698 1436 saltem
723 1380 795 1435 inter
814 1396 853 1453 se,
905 1394 956 1435 neo
976 1380 1104 1450 sonasse,
1131 1378 1178 1450 qui
1206 1381 1271 1433 aute
1294 1378 1470 1435 Nizolium
1496 1398 1531 1438 eo
1557 1383 1592 1438 de
1616 1400 1694 1457 argu·

68 1467 142 1522 clare
155 1471 333 1536 accurateque
346 1454 530 1539 philosophati
543 1472 648 1541 99991,
661 1484 713 1533 1199
727 1482 799 1524 nunc
814 1468 855 1523 in·
905 1470 999 1522 mento
1018 1471 1076 1522 tam
1095 1466 1126 1520 iu
1142 1467 1222 1521 omni
1234 1467 1467 1541 Eucyclopaediae
1481 1472 1559 1542 parte
1573 1487 1695 1529 neeessa-
1776 1448 1781 1455 ’
1807 1504 1812 1513 -

68 1553 204 1611 somissis
221 1554 252 1609 in
270 1554 369 1627 adyta,
390 1559 533 1628 appareret
550 1560 629 1611 vasta
642 1557 724 1612 rebus
742 1557 855 1613 utilibus
904 1555 956 1628 rio,
978 1554 1060 1627 paulo
1080 1555 1165 1610 sosius
1179 1555 1294 1628 praelati
1318 1572 1419 1611 sumus.
1463 1557 1592 1630 Inprimis
1609 1575 1695 1633 quum

67 1648 98 1699 et
114 1658 202 1715 egeria
221 1641 356 1714 solitudo,
376 1643 503 1715 quodque
522 1643 557 1700 de
575 1645 678 1718 templo
697 1645 856 1715 Hieroeoly·
905 1660 938 1699 eo
952 1642 1125 1716 potissimum
1139 1644 1192 1698 tine
1206 1642 1378 1699 Niaolium
1398 1645 1572 1722 ediderimus,
1594 1653 1634 1721 ut,
1650 1651 1695 1706 vel

67 1732 176 1787 mitauo
185 1730 328 1787 'l'aeitus
342 1730 390 1802 ait,
407 1731 502 1787 inania
518 1748 625 1805 arcana,
637 1733 711 1806 quod
722 1734 856 1790 deon'en-
905 1732 996 1787 alieno
1010 1730 1112 1805 labore,
1134 1731 1366 1788 contribueremus
1388 1733 1492 1806 aliquid
1516 1736 1551 1791 ad
1576 1737 1695 1809 plriloso

67 1821 168 1876 talium
180 1819 352 1892 philosophia
365 1835 459 1875 voum
473 1836 532 1876 ease
541 1821 633 1894 'magis
652 1822 792 1895 magisque
810 1822 856 1877 (19
905 1819 986 1893 phiae
999 1819 1137 1875 solidioris
1153 1819 1389 1893 instaurationem,
1406 1837 1563 1894 9999911119
1578 1829 1620 1880 tot
1634 1826 1695 1882 ubi·

67 1909 177 1982 tegitm.
200 1907 444 1979 ltaexplicataest
458 1924 513 1964 uua
528 1909 640 1965 laudum
651 1910 784 1966 orationis
793 1911 856 1967 Phi·
904 1923 958 1981 que
985 1907 1099 1963 mmrnis
1127 1908 1245 1981 ingeniis
1272 1909 1475 1966 continentibus
1499 1914 1558 1968 tam
1585 1915 1696 1987 pulchra

68 1998 238 2071 losopldem:
270 1995 388 2052 claritas
438 1997 608 2069 Elegantiam
639 1998 771 2055 aliorsum
807 1999 856 2054 ab
905 1997 1035 2070 procedit,
1057 1981 1248 2066 aciiuvandam
1294 1999 1438 2070 Speremus
1459 2001 1533 2055 enim
1547 2017 1565 2056 a
1579 2001 1696 2059 lectione

67 2086 225 2158 legavimus.
264 2084 335 2157 lege
359 2083 397 2139 sis
421 2084 532 2142 interim
557 2088 796 2161 Quaereugum
821 2086 856 2144 de
905 2085 985 2154 huius
1008 2085 1221 2142 Nizolianae
1246 2088 1485 2143 commentationis
1510 2106 1566 2145 non
1592 2093 1696 2148 medio-

66 2173 232 2247 liloqueutia
245 2173 411 2246 Philosophi.
560 2210 564 2219 -
905 2190 979 2230 crem
1007 2176 1126 2229 fructum
1153 2174 1184 2228 in
1212 2190 1271 2229 rem
1300 2175 1515 2248 philosophicam
1543 2180 1696 2236 redrurdare

112 2262 195 2320 XXI.
227 2263 293 2318 Sola
316 2262 416 2317 veritas
436 2262 546 2318 residua
565 2267 620 2336 est,
647 2263 695 2319 sed
721 2264 756 2319 de
774 2263 856 2333 lrnjrrs
906 2279 994 2337 poue,
1010 2262 1054 2317 vel
1068 2261 1139 2332 ideo,
1159 2267 1191 2317 ut
1210 2263 1333 2318 homines
1348 2264 1442 2320 sobrio
1461 2265 1511 2337 illi,
1531 2282 1565 2321 aa
1582 2269 1696 2341 proprio

66 2351 269 2424 comparandae
281 2366 314 2406 ac
327 2351 529 2407 confirmandae
542 2352 662 2423 ratione,
678 2352 766 2424 deque
779 2353 856 2408 omni
906 2356 935 2407 et
948 2350 1051 2421 nativo,
1068 2366 1100 2404 99
1112 2366 1177 2406 vere
1194 2351 1379 2425 philosophico
1399 2352 1507 2408 dicendi
1526 2356 1618 2426 generi
1638 2372 1696 2411 rm·

68 2439 227 2496 inveniendi
247 2443 276 2496 et
290 2438 433 2508 judicandi
452 2439 568 2495 artificio
588 2445 732 2513 praecepta
750 2440 857 2497 trader'e
907 2441 948 2513 gis
973 2439 1113 2511 magisque
1137 2439 1297 2510 assuetam,
1322 2440 1483 2512 praesertim
1508 2458 1592 2512 quum
1613 2460 1696 2499 nemo

67 2530 105 2585 ad
118 2529 249 2602 legimur
263 2528 388 2601 pertinet,
409 2528 457 2600 qui
472 2534 565 2584 taurcn
579 2529 627 2584 illa
641 2534 766 2585 accurata
779 2529 857 2585 clari·
908 2527 974 2583 mihi
990 2527 1101 2599 quidem
1115 2527 1231 2599 scriptor
1245 2531 1327 2582 notas
1340 2528 1385 2600 sit,
1406 2528 1453 2600 qui
1468 2529 1528 2600 pari
1543 2530 1612 2603 zelo,
1634 2531 1696 2588 dili·

69 2622 128 2673 tate
140 2617 286 2673 verborum
305 2616 461 2691 inquirendi
480 2633 512 2672 ae
531 2632 639 2674 morose
659 2622 756 2674 cuncta
770 2617 858 2674 discu-
908 2615 1008 2688 gentia,
1023 2619 1107 2687 atque
1120 2615 1213 2688 etiam,
1229 2616 1254 2670 si
1268 2619 1372 2672 attente
1385 2616 1498 2690 legatur,
1515 2619 1643 2692 efficacia,
1664 2620 1695 2676 in

68 2706 165 2777 fiendi,
180 2705 332 2761 necessario
355 2704 478 2778 alioquin
498 2721 589 2778 onere,
616 2705 728 2762 1111111199
743 2707 856 2762 levatur.
907 2720 969 2760 eam
979 2719 1038 2760 rem
1048 2703 1210 2775 incubuerit,
1221 2707 1253 2759 ut
1263 2720 1358 2760 omnes
1368 2705 1432 2760 illae
1442 2705 1587 2762 verborum
1600 2698 1696 2780 spinis

68 2795 142 2852 Nam
160 2795 184 2850 si
202 2795 280 2850 nulla
298 2808 355 2850 vox
374 2794 532 2866 adhibetm,
554 2794 608 2849 nisi
628 2795 748 2850 claruet
768 2799 858 2850 certae
907 2809 944 2849 ex
962 2807 1030 2864 agm
1053 2791 1239 2866 philosophico
1263 2793 1385 2849 fonditus
1410 2795 1569 2850 avellantur.
1615 2796 1695 2861 Quod

67 2884 249 2955 definitasque
261 2882 474 2955 significationis,
490 2883 580 2938 omnis
594 2883 781 2956 aequivocatio
792 2898 858 2939 exu-
908 2880 1018 2954 quidem
1032 2880 1061 2935 in
1076 2885 1155 2954 parte
1168 2880 1268 2953 logica
1281 2885 1363 2954 atque
1376 2881 1437 2953 ipso
1450 2883 1637 2956 philosophiae
1650 2902 1697 2941 vc·

69 2973 108 3029 let
121 2976 288 3044 umeaseest,
304 2986 359 3044 qua
368 2973 453 3028 semel
466 2972 545 3045 pulsa
555 2971 651 3044 ingens
660 2971 858 3044 sophismatum
907 2970 1010 3026 stibulo
1025 2968 1064 3024 sio
1078 2968 1144 3025 satis
1158 2969 1323 3041 praestitisse
1338 2969 1406 3024 milri
1416 2971 1531 3043 ridetur,
1547 2972 1697 3030 dummodo

67 3077 168 3135 agmen
180 3060 263 3116 simul
276 3066 431 3128 evanescet3
451 3077 501 3116 nee
520 3060 665 3132 quicquam
684 3062 740 3117 lere
759 3060 796 3116 ad
814 3076 858 3115 so-
881 3034 884 3101 1
908 3058 1037 3129 existam,
1052 3058 1126 3130 quod
1141 3061 1199 3114 lore
1213 3072 1270 3113 999
1289 3058 1462 3131 desperamus
1479 3060 1510 3115 in
1530 3060 1580 3117 hae
1599 3063 1698 3117 floren·

68 3151 125 3213 lide
134 3148 314 3219 judicandum
328 3149 468 3222 supererit,
483 3164 566 3221 quam
580 3152 612 3203 ut
625 3165 719 3204 sermm
733 3149 770 3205 ab
784 3166 856 3205 erro
906 3147 977 3202 tium
997 3146 1099 3219 passim
1118 3145 1288 3218 egregiorum
1306 3146 1477 3219 ingeniomm
1496 3148 1628 3221 ubertate,
1649 3149 1697 3222 qui

68 3239 160 3312 rahans,
181 3238 305 3294 99999119
318 3253 350 3293 99
365 3238 455 3294 medio
468 3242 542 3293 reete
563 3237 731 3311 constitutis,
753 3237 858 3294 intelle
881 3240 885 3365 1
907 3240 1033 3308 coeptum
1053 3235 1145 3301 semel
1156 3234 1279 3290 laborem
1298 3241 1506 3308 persequantur,
1527 3254 1559 3292 ae
1578 3239 1698 3310 reliquas

68 3332 129 3402 91119
141 3344 209 3384 vero
223 3327 373 3382 ohsermtis
392 3326 457 3382 solis
476 3325 729 3398 consequentiarum
748 3327 856 3397 regulis,
907 3323 1094 3397 philosophiae
1108 3327 1206 3396 partes,
1227 3323 1448 3398 metaphysicam,
1463 3325 1605 3398 physicam
1618 3343 1698 3398 gene·

68 3421 282 3491 praeamcnhrr.
326 3416 403 3480 Quae
422 3430 507 3486 quum
520 3415 561 3469 ita
574 3415 638 3485 sint,
658 3430 755 3487 pamm
769 3415 856 3488 abest,
881 3378 885 3451 1
908 3413 1002 3485 ralem,
1018 3411 1217 3484 philosophiam
1230 3411 1339 3466 civilem
1359 3428 1391 3468 ae
1405 3429 1499 3468 veram
1509 3412 1699 3487 jurispmdcn-

68 3506 136 3578 quin
149 3505 268 3576 91911919,
284 3502 325 3558 1111
340 3503 499 3560 Rhetoricae
514 3504 585 3558 (11199
598 3507 662 3557 sunt
680 3506 780 3576 partas,
802 3520 857 3558 una
907 3500 977 3556 tiam
991 3518 1008 3556 a
1023 3500 1202 3556 terminorum
1211 3499 1339 3572 implexis
1353 3500 1475 3557 sentibus
1485 3502 1582 3558 eadem
1591 3501 1700 3558 ratione

69 3594 105 3650 (19
118 3593 210 3649 verbis
223 3595 369 3666 eleganter,
384 3597 481 3648 ornate
499 3596 528 3647 et
549 3591 692 3648 eitleaciter
710 3592 856 3663 shueurlis,
881 3612 884 3635 1
908 3593 1039 3663 purgent,
1054 3588 1246 3661 polliceremur
1255 3588 1290 3643 de
1304 3589 1385 3644 uobis
1401 3588 1513 3662 aliquid,
1529 3591 1582 3645 nisi
1597 3591 1699 3663 partim

69 3683 157 3738 altera
170 3681 207 3738 de
220 3680 362 3736 movendis
375 3681 532 3752 aflectibus,
548 3679 589 3735 ita
602 3680 728 3736 similiter
741 3679 858 3753 logicae
908 3678 970 3733 aliis
984 3677 1082 3734 studiis
1096 3676 1320 3749 disualrmmur,
1342 3678 1444 3749 partim
1464 3678 1622 3734 tinacremus
1642 3695 1700 3735 rua-

70 3771 140 3826 duas
153 3787 213 3826 esse
226 3773 324 3844 parim,
340 3784 424 3824 uuam
437 3768 585 3841 verbalem,
606 3769 720 3824 alteram
740 3769 857 3824 realem:
908 3767 1007 3822 teriam
1020 3766 1083 3822 aliis
1093 3765 1259 3839 praeripere,
1275 3765 1366 3837 aptius
1381 3765 1474 3820 omnia
1489 3767 1666 3840 praestituris.

70 3874 155 3914 unam
168 3859 204 3914 de
217 3859 293 3914 claro
307 3856 437 3912 distincto
450 3861 480 3913 et
499 3855 612 3929 proprio
631 3857 776 3912 verborum
798 3868 862 3931 usq
954 3855 1049 3912 XXII.
1071 3855 1214 3910 Caeterum
1233 3853 1307 3925 quod
1322 3853 1461 3909 Nizolium
1480 3854 1539 3909 dixi
1560 3872 1627 3928 prae
1640 3872 1701 3912 cae·

69 3964 117 4003 seu
131 3947 167 4003 (19
180 3946 246 4002 stilo
259 3945 460 4019 philosophico,
479 3945 594 4000 alteram
615 3946 650 4000 de
669 3945 794 4017 regendis
814 3962 859 4001 co·
910 3943 975 3999 teris
989 3943 1092 4016 aliquid
1106 3943 1138 3997 in
1151 3942 1203 3998 hoc
1217 3958 1316 4014 genem
1326 3942 1499 4014 praestitisse,
1516 3943 1544 3998 id
1559 3944 1628 3999 tucri
1643 3960 1700 3999 non

70 4034 256 4108 gitationibus
282 4035 354 4090 Nam
369 4033 563 4104 Grammatico,
584 4035 616 4088 ut
628 4034 774 4105 loquamur
792 4050 860 4106 pone
909 4048 1011 4087 991991.
1056 4031 1129 4086 Nam
1149 4031 1268 4108 illustres
1281 4028 1323 4109 illi
1338 4030 1524 4107 philosophiae
1538 4031 1701 4105 instaurato·

69 4128 97 4179 et
111 4140 148 4180 ex
162 4138 215 4179 mu
229 4123 326 4196 gentis,
343 4140 393 4179 nos
407 4123 500 4192 docet,
520 4121 673 4194 Rhetorice,
696 4126 728 4177 ut
746 4126 810 4195 apte
824 4122 860 4178 ad
910 4137 961 4194 iffi
968 4119 1098 4191 1191191931ρ
1116 4120 1147 4174 iu
1167 4136 1202 4174 eo
1222 4106 1507 4192 potus'hieu‘p'antui,
1528 4108 1567 4175 ut⁸
1578 4137 1627 4175 sua
1647 4119 1701 4176 sibi

70 4212 220 4268 urorendos
239 4213 365 4284 allecha,
387 4211 500 4283 logica,
522 4215 553 4266 ut
567 4213 632 4283 apte
645 4211 681 4266 ad
696 4211 860 4267 movendam
911 4209 1023 4264 inventa
1051 4213 1082 4263 et
1109 4207 1229 4279 cogitata
1257 4206 1394 4279 praeclare
1422 4209 1590 4264 constituant
1618 4213 1701 4282 atque

69 4304 191 4357 1119111991
210 4300 339 4357 meamus.
382 4299 620 4365 Quemadmodum
639 4299 724 4372 igitur
742 4299 783 4354 illi
803 4315 861 4355 non
911 4300 1059 4369 exornent,
1085 4311 1168 4368 quam
1193 4299 1225 4350 ut
1249 4299 1341 4350 vetera
1366 4300 1395 4351 et
1421 4296 1451 4351 in
1471 4297 1569 4352 scholis
1593 4301 1702 4370 recepta

69 4390 236 4463 protantrrr,
262 4388 310 4462 qui
329 4388 523 4445 0191911991
543 4388 689 4444 Rhetorica
716 4388 859 4461 divellunt,
911 4384 1119 4442 Aristotelis
1144 4383 1364 4440 scholastioomm
1389 4384 1504 4459 tradita,
1532 4385 1638 4458 poliam
1669 4400 1703 4441 ae

68 4479 220 4536 oratoriam
238 4477 274 4533 de
291 4477 434 4533 movendis
452 4477 610 4550 metibus,
632 4477 806 4533 Rhetoricam
825 4477 861 4534 (19
884 4496 888 4611 1
912 4477 1036 4549 purgent
1080 4473 1171 4536 Quum
1191 4476 1283 4528 tamen
1303 4473 1411 4528 nonsit
1430 4490 1489 4529 ere
1504 4473 1710 4546 philosophiae,

67 4566 207 4639 elegantia
220 4565 348 4621 (1191199111
361 4565 543 4639 praescribere
553 4565 668 4633 jubent:
682 4594 718 4606 -
732 4566 806 4638 quod
820 4568 861 4622 ta-
911 4568 1003 4619 retera
1021 4576 1131 4634 prorsus
1150 4558 1282 4632 abjicere,
1309 4561 1357 4616 ead
1382 4562 1528 4619 emendare
1546 4562 1652 4635 potius,
1673 4565 1703 4617 et
1749 4560 1753 4571 ’

67 4655 145 4712 ciunt
164 4654 305 4711 llarnistae
329 4653 442 4726 quidam
462 4659 512 4709 aut
531 4652 780 4727 Semi-Ramistae,
806 4654 858 4709 uiri
884 4679 887 4705 l
911 4651 985 4724 quod
998 4649 1135 4722 egregim
1149 4653 1199 4721 ost,
1214 4649 1307 4721 qualia
1320 4653 1394 4706 certe
1413 4655 1477 4706 sunt
1496 4649 1653 4720 innumera,
1674 4653 1703 4704 et

68 4748 177 4801 caetera
190 4742 349 4816 decumano,
360 4742 654 4815 Keckermauuus,
670 4742 857 4817 Alstedius,
883 4802 886 4813 ,
911 4738 1070 4812 praesertim
1084 4754 1155 4810 quae
1168 4738 1229 4812 ipso
1245 4737 1453 4795 Aristotelis
1468 4743 1546 4794 textu
1560 4738 1702 4794 continen-

68 4834 168 4890 Guar.
182 4830 399 4902 Dietaricos,
413 4832 549 4902 Caspar.
569 4830 855 4887 Bartholinus:-
883 4856 886 4893 2
911 4834 962 4900 tur,
978 4827 1102 4885 tolerare

65 4920 314 4994 qnmmlrnodum,
329 4920 451 4992 inquam,
466 4919 579 4975 illinon
593 4918 752 4992 probantur,
774 4935 859 4994 quum
883 4896 886 4993 1
954 4916 1064 4973 ΧΧΙΠ.
1096 4915 1203 4972 Deinde
1221 4916 1311 4970 191991
1336 4915 1371 4971 (19
1391 4914 1511 4971 dictione
1531 4913 1703 4986 philosopho

68 5010 107 5066 ita
123 5009 261 5084 1919191119
273 5008 311 5083 sit
324 5009 416 5065 verbis
429 5008 520 5063 omnis
538 5008 675 5082 cogitandi
696 5008 860 5079 volendiquc
882 5010 886 5057 ἰ
910 5020 971 5062 rum
991 5005 1144 5077 uulgarium
1165 5003 1284 5059 barbara
1302 5004 1451 5076 abolenda,
1473 5002 1619 5075 monuisse,
1639 5019 1703 5058 con·

67 5104 154 5170 991111,
176 5103 208 5154 ut
228 5098 278 5155 rix
298 5112 418 5170 unquam
438 5097 492 5152 nisi
513 5097 596 5152 tacito
611 5096 683 5152 intra
698 5110 748 5152 nos
763 5096 859 5152 verbo·
881 5078 887 5171 1
910 5093 1032 5165 suluisse,
1048 5094 1214 5150 declarnasse
1229 5092 1338 5163 multos,
1354 5108 1412 5147 rem
1428 5091 1515 5163 ipsam
1538 5108 1614 5163 rero,
1630 5091 1702 5162 quod

68 5202 130 5244 rma
144 5202 196 5244 1199
209 5187 272 5258 hat3
286 5201 371 5259 quum
382 5185 466 5244 verba
480 5185 534 5242 sint
550 5185 706 5261 proximum
719 5185 858 5258 cogitandi
882 5190 886 5273 1
912 5184 974 5240 lecit
988 5182 1164 5251 Nirolins,
1182 5197 1321 5254 aggressos
1333 5198 1391 5236 csse
1402 5195 1510 5252 paruos,
1522 5179 1588 5250 qnia
1600 5180 1704 5235 facilins

621 5266 628 5275 “
1316 5269 1334 5321 o
