3706 5828
688 337 1071 399 mximcnusu
1114 340 1231 399 unt.
1707 335 1772 405 657

187 482 239 539 tit.
266 478 311 537 Ad
335 481 384 537 lms
408 476 535 552 querelas
558 478 615 537 duo
634 480 796 553 responderi
820 479 936 538 debent:
956 506 961 593 p
978 479 1014 537 de
1027 480 1105 537 Statu
1117 478 1328 555 damnatemm,
1349 498 1397 539 ces
1412 480 1481 541 betto
1494 486 1609 561 mmtat,
1624 487 1673 560 qui
1688 487 1717 543 in
1730 490 1772 545 tu·

142 586 237 641 unom,
252 569 328 641 qued
342 568 492 641 Apostolus
505 567 624 639 adtulit,
639 584 698 625 neu
711 586 772 625 esse
784 568 936 641 condignas
956 596 960 635 5
979 571 1041 625 tura
1056 568 1115 625 vitu
1129 573 1241 639 peccatu
1255 586 1374 641 poenum
1395 572 1528 629 demereri
1554 579 1667 649 negant,
1693 578 1771 649 quasi

140 656 311 713 mltlfctienes
337 656 419 725 hujus
443 655 577 727 temporis
599 654 635 713 ad
661 658 782 713 futuram
807 658 934 729 glorium,
956 643 1098 729 'justina
1112 656 1173 713 Dee
1187 657 1357 730 essentialis,
1372 675 1480 717 cessam
1493 677 1612 733 nequam
1627 669 1729 735 posset,

139 760 211 817 quae
225 744 391 801 revelabitur
405 744 435 800 iu
452 744 550 815 suebis,
570 743 702 815 alterum,
723 744 798 816 quod
812 746 935 819 pulcher-
955 724 960 771 ἒ
1021 743 1278 801 (immanissimae
1300 745 1410 801 teuclem
1433 756 1497 805 sunt
1511 749 1684 807 difficultates
1698 752 1771 811 circu

139 833 212 889 mutu
236 833 443 905 comparatione
466 832 588 887 christus
612 832 671 905 ipse
695 832 847 906 subgessit,
879 833 932 889 ruisi
953 822 958 889 i
976 832 1212 889 Sanctitatem
1239 833 1319 906 llei,
1344 850 1391 889 seu
1417 835 1489 892 circa
1515 839 1709 909 perfectionem
1732 842 1769 899 ad

138 936 256 992 manum
270 920 414 989 frumenti,
435 920 535 976 euclem
548 920 578 975 iu
593 924 708 992 terram,
723 926 862 977 mertuum
877 922 933 976 fue·
953 988 957 1005 Ι
976 920 1050 975 bena
1065 920 1191 991 malaque
1204 920 1321 977 merallu
1335 922 1455 977 alierum
1468 924 1595 997 relatum,
1617 943 1686 997 crime
1704 946 1769 986 eum

138 1008 186 1081 rit,
200 1011 319 1065 fructum
333 1025 391 1065 non
405 1010 483 1064 feret.
952 1020 955 1074 j
974 1022 1071 1063 atnare
1089 1007 1227 1081 virtutem,
1242 1008 1332 1065 edisse
1347 1009 1459 1082 sitium,
1474 1011 1557 1067 etium
1574 1013 1601 1067 in
1615 1015 1678 1070 aliis
1693 1017 1767 1090 facit,

185 1098 236 1152 55.
257 1096 352 1169 ltaque
378 1112 435 1151 nen
461 1099 568 1151 tantum
589 1095 665 1167 largo
683 1094 933 1167 centpcnsabuntur
974 1099 1003 1150 et
1026 1094 1063 1151 ab
1089 1096 1165 1151 emni
1191 1096 1295 1167 peccati
1320 1096 1385 1152 labe
1402 1102 1485 1170 atquo
1506 1102 1668 1169 contagione
1683 1118 1767 1175 quum

138 1182 318 1258 adflictiones,
331 1184 379 1239 sed
393 1189 423 1240 ct
435 1183 583 1239 inservient
597 1183 633 1240 ud
649 1182 787 1239 felicitatis
801 1200 931 1257 augmen·
951 1190 955 1215 ¹
975 1182 1097 1239 maxime
1110 1190 1250 1255 removet,
1270 1188 1299 1239 et
1313 1189 1405 1240 tamen
1420 1186 1521 1257 passim
1536 1190 1638 1245 scelera
1652 1198 1767 1261 regirant

138 1280 212 1347 tum,
232 1288 283 1329 nee
298 1276 403 1331 tuntum
418 1275 534 1345 prosunt
547 1271 614 1329 buce
627 1272 717 1346 mdo,
737 1272 786 1327 sed
799 1276 828 1327 et
841 1272 933 1343 requi·
974 1271 1004 1327 in
1018 1270 1111 1327 mulie
1132 1272 1315 1343 potentissimi
1330 1272 1382 1327 Dei
1402 1274 1524 1347 irriperie.
1568 1276 1620 1333 Sed
1635 1278 1766 1351 quidquid

137 1367 245 1433 manc,
260 1360 334 1419 nau.
349 1357 375 1426 s.
392 1360 443 1415 su.
950 1326 955 1411 t
974 1358 1026 1413 noe
1036 1364 1079 1417 est
1093 1358 1275 1433 uinculum,
1291 1359 1378 1415 art-m
1389 1360 1501 1418 lanians
1516 1365 1621 1421 suartio
1636 1367 1719 1422 earam
1735 1368 1767 1423 n

182 1451 233 1505 56.
249 1450 350 1505 Circa
365 1450 517 1505 futurum
536 1446 645 1503 vitum
664 1445 774 1517 grarier
788 1446 877 1503 utlbuc
890 1449 933 1501 est
951 1418 955 1475 Ι
973 1446 1024 1503 bae
1038 1448 1095 1501 vita
1109 1447 1149 1501 itu
1163 1453 1315 1521 superatur,
1332 1455 1363 1504 ut
1377 1449 1427 1522 pii,
1442 1456 1470 1505 et
1485 1450 1538 1505 Dei
1552 1458 1685 1529 antinoios,
1700 1455 1764 1531 sibi,

136 1538 298 1593 difficultas:
317 1552 384 1593 ιιιιιιι
403 1534 547 1607 objicitur,
568 1533 607 1590 ibi
626 1549 736 1607 queque
755 1534 830 1590 liena
849 1534 933 1606 longe
951 1548 955 1583 ι
972 1540 1106 1607 quantum
1121 1551 1190 1607 opus
1205 1540 1256 1609 est,
1270 1535 1424 1592 satisfacere
1439 1538 1553 1610 possint

136 1626 208 1681 vinei
227 1642 246 1681 a
260 1626 357 1699 malis,
376 1624 443 1697 qnia
456 1622 537 1696 pauci
551 1627 616 1678 sum
628 1623 717 1679 electi.
760 1622 931 1693 Origenes
951 1625 954 1644 '
1018 1622 1069 1679 61.
1092 1621 1272 1691 Objleitur
1292 1639 1393 1695 nempe
1408 1626 1497 1681 llemn
1510 1626 1593 1682 nimis
1607 1644 1767 1688 concurrere

134 1713 246 1785 quidem
269 1718 409 1769 semmam
434 1710 641 1767 damnationem
666 1710 779 1767 omniuo
805 1710 930 1780 sustulit,
949 1740 952 1756 ι
971 1709 1007 1765 ad
1021 1715 1176 1783 peccatum,
1197 1710 1336 1767 lremiuem
1355 1728 1412 1767 non
1433 1715 1510 1770 sutis.
1554 1715 1659 1771 Deum
1674 1724 1766 1776 antem

135 1802 247 1874 quidam
268 1806 394 1857 ueterum
415 1816 516 1871 praeces
530 1799 629 1853 saltem
642 1806 785 1855 ueternum
797 1798 929 1855 damnen-
971 1798 1054 1853 nimis
1073 1814 1283 1855 concurrere
1302 1798 1343 1854 ad
1365 1802 1490 1857 malum
1505 1803 1639 1857 morule
1651 1806 1764 1877 physice

134 1890 186 1947 dus
209 1889 362 1961 credidere,
388 1902 505 1960 querum
524 1886 554 1941 in
572 1900 687 1943 numere
707 1886 761 1942 fuit
779 1886 929 1943 Pruden·
947 1884 951 1957 ξ
970 1890 999 1941 et
1017 1886 1173 1962 moraliter,
1199 1888 1341 1945 volutatute
1365 1894 1394 1945 et
1417 1889 1578 1963 productiva
1603 1897 1631 1947 ct
1649 1894 1763 1965 perme-

134 1978 220 2047 tius,
235 1977 399 2049 quibusdam
413 1974 524 2048 placuit,
539 1989 652 2031 emnem
666 1975 851 2031 Christianum
866 1982 927 2031 tan·
969 1976 1029 2031 siva
1044 1973 1157 2048 peccati.

133 2064 198 2121 dem
217 2065 352 2121 salvatum
371 2064 421 2137 iri,
451 2078 583 2135 quorsum
608 2062 757 2135 aliquando
781 2057 950 2121 indiscusse*
982 2116 987 2133 ,
1014 2064 1067 2119 62.
1087 2064 1257 2120 Concursum
1278 2062 1411 2120 moralem
1433 2064 1524 2121 lecum
1540 2064 1699 2124 babitumm
1714 2068 1764 2127 eb-

134 2155 208 2209 visus
221 2158 264 2209 cst
285 2154 531 2222 Hieronymus.
946 2124 950 2209 Ι
968 2156 1092 2224 servarit,
1112 2152 1164 2207 etsi
1178 2152 1254 2207 Deus
1268 2152 1335 2207 nibil
1350 2155 1486 2209 conferret
1499 2154 1605 2223 agendo
1619 2156 1654 2211 ud
1669 2174 1764 2229 peeca-

180 2242 231 2297 57.
250 2240 304 2297 Sed
316 2257 372 2298 nnn
386 2245 444 2313 est,
465 2255 514 2296 cur
532 2238 569 2293 ad
582 2238 648 2295 truce
661 2237 804 2312 paradem
819 2243 847 2295 ct
862 2236 927 2307 reji·
946 2270 949 2277 ·
968 2242 1042 2311 turn,
1063 2239 1162 2295 saltem
1181 2238 1248 2297 dum
1262 2240 1448 2315 permitteret,
1474 2257 1523 2298 seu
1536 2258 1593 2299 nun
1607 2242 1761 2321 impediret,

131 2328 229 2385 cienda
251 2329 454 2401 confugiemus:
499 2326 571 2383 Vera
594 2328 739 2399 responsio
757 2332 813 2399 est,
837 2331 926 2383 tetam
967 2331 1146 2399 compescet.
1233 2364 1238 2373 ·

132 2415 344 2489 arnplftndincm
365 2415 442 2485 regni
467 2414 593 2495 eoelestis
618 2430 676 2471 nen
700 2432 761 2473 esse
780 2430 818 2471 ea
830 2422 926 2471 nemra
1012 2415 1064 2471 63.
1089 2414 1143 2470 Sed
1162 2430 1258 2471 resera
1277 2414 1367 2471 men
1385 2430 1546 2471 concurrere
1565 2418 1707 2475 moraliter
1732 2426 1761 2479 ct

130 2505 289 2577 cognitione
312 2502 529 2575 aestimandum
560 2518 625 2558 nam
650 2508 727 2559 tauta
749 2520 809 2559 csse
833 2506 926 2575 petest
967 2501 1081 2573 physice
1100 2502 1199 2559 simul:
1218 2502 1283 2574 qnia
1303 2519 1359 2559 rien
1379 2507 1487 2559 tantum
1501 2519 1558 2559 nen
1572 2505 1687 2579 impedit
1701 2526 1762 2581 pee-

131 2592 276 2649 bcaterum
290 2610 340 2666 per
358 2592 482 2649 divinam
502 2590 638 2647 visionem
663 2590 768 2663 gloria,
795 2595 826 2647 ut
850 2592 1075 2663 muretenses,
1108 2591 1158 2648 sed
1188 2590 1274 2647 etium
1299 2590 1503 2663 quodammodo
1529 2591 1659 2667 adjurat,
1688 2596 1762 2654 vires

130 2680 461 2738 damnatorumemnium
470 2678 926 2753 cenrpururilmicbenenenpea-
944 2675 947 2726 ἶ
967 2676 1036 2751 ipsis
1071 2678 1281 2751 occasionesque
1315 2678 1488 2750 praestando.
1539 2672 1621 2737 Unde
1649 2684 1762 2755 pbrases

130 2769 202 2841 sint,
219 2774 247 2824 et
268 2768 426 2841 Angelos
441 2770 566 2825 beatus
580 2767 734 2825 incredibili
750 2768 925 2824 multitudine
943 2803 946 2831 e
965 2766 1121 2839 Scripturas
1145 2767 1258 2840 Sacrae,
1284 2766 1359 2840 qued
1380 2766 1454 2821 Deus
1479 2765 1589 2825 indures
1612 2768 1762 2849 incitetque

129 2858 252 2931 agnoscit
263 2858 416 2929 Scriptura3
430 2862 461 2913 et
474 2872 601 2929 maguam
615 2860 856 2913 ereaturarum
871 2872 924 2911 va·
943 2900 946 2910 .
966 2856 1066 2913 mules.

129 2946 293 3000 rietatem
309 2946 371 3016 ipsa
384 2946 466 3001 uobis
478 2944 568 3017 operit
582 2950 695 3017 natura,
711 2944 791 3001 neris
804 2942 925 2999 inventis
943 2922 947 2946 ¹
1012 2945 1062 3001 64.
1078 2942 1151 2999 libre
1165 2941 1278 3015 quidam
1292 2942 1393 2997 interm
1403 2939 1513 3016 audent,
1528 2944 1617 3000 Deuru
1631 2946 1674 3001 rel
1685 2950 1761 3005 utre·

129 3033 282 3105 illmtratu3
307 3032 380 3104 quod
396 3033 476 3105 facit,
503 3038 534 3089 ut
547 3032 733 3104 commodius,
759 3048 843 3105 quam
861 3034 924 3087 Au·
965 3048 1035 3105 quc,
1057 3030 1189 3087 relocata
1201 3030 1334 3088 alterutro
1349 3028 1447 3101 mede,
1473 3032 1577 3102 peceant
1590 3034 1759 3107 complicem,

130 3119 290 3191 gostinus
303 3127 333 3177 et
346 3120 394 3177 alii
410 3124 530 3193 veteres,
544 3120 763 3193 praevalentium
777 3120 844 3178 beni
858 3136 926 3195 prae
943 3134 946 3139 ·
965 3120 1054 3177 imme
1066 3124 1208 3175 auctorem
1227 3136 1300 3191 esse,
1318 3122 1401 3190 atqcue
1413 3116 1484 3175 adeo
1498 3118 1620 3177 divinum
1633 3124 1761 3181 sanctitu-

127 3208 203 3264 mule
218 3210 287 3265 tueri
303 3209 447 3281 pessimus.
512 3201 519 3211 '
943 3193 946 3255 ἱ
967 3214 1032 3280 mm,
1042 3206 1189 3283 justitiam,
1205 3206 1357 3263 benitatem
1372 3210 1506 3263 evertunt.

173 3296 226 3351 58.
242 3296 347 3369 Nempe
365 3296 459 3353 'l'ellus
472 3300 571 3353 nostru
585 3312 643 3353 non
659 3301 718 3369 est,
738 3295 792 3351 nisi
812 3296 945 3353 satelles=
1011 3296 1062 3351 65.
1094 3295 1152 3351 Alii
1182 3296 1289 3351 nralnut
1319 3294 1443 3349 (lisinam
1474 3294 1694 3353 omniscientiam
1729 3303 1759 3357 et

128 3384 296 3459 putassetis,
308 3385 544 3455 ettetsnntSelcs,
555 3386 819 3455 quetstclleetixue3
829 3390 924 3440 etele-
964 3383 1210 3455 emrnpotentiam,
1224 3383 1319 3455 verbo,
1335 3382 1565 3456 pinguitudinem,
1580 3383 1759 3459 labefactare,

129 3472 216 3529 dibile
231 3477 281 3544 cst,
293 3473 448 3527 unanimum
459 3488 518 3527 esse
529 3473 649 3543 spatium
660 3477 738 3527 trans
747 3487 843 3528 omncs
852 3473 922 3527 tinas
940 3536 944 3546 ¹
964 3476 1094 3542 tanquam
1114 3476 1163 3525 aut
1182 3470 1299 3526 nesciret
1313 3469 1461 3545 arrirtirneve
1475 3482 1582 3529 curaret
1595 3472 1684 3544 mula,
1711 3480 1760 3531 aut

128 3558 225 3631 ltaque
243 3560 312 3616 nibil
327 3560 470 3631 probibet,
487 3560 530 3614 vet
545 3560 622 3615 Soles
637 3560 681 3615 vel
695 3560 818 3615 manime
832 3558 921 3629 regie-
964 3558 1100 3614 malorum
1111 3558 1226 3614 torrenti
1241 3556 1374 3613 eluistere
1388 3573 1444 3613 nen
1460 3564 1559 3631 posset.
1603 3560 1680 3623 Quae
1693 3561 1758 3634 Epi·

127 3664 192 3703 nem
208 3653 284 3703 trans
298 3648 382 3717 Soles,
397 3646 515 3702 lmbitari
530 3646 655 3702 felicibus
668 3646 806 3703 creaturis
829 3647 922 3711 Quau·
939 3669 942 3706 ι
962 3660 1123 3718 cursorum,
1153 3644 1425 3719 ltlaniclaueemmve,
1457 3645 1592 3701 sententia
1617 3645 1682 3701 fuit:
1713 3649 1758 3705 cui

127 3750 211 3805 queam
230 3739 260 3789 ct
272 3734 403 3789 Planctus
420 3750 480 3789 esse
495 3733 615 3805 pseasint,
631 3739 680 3789 unt
694 3734 768 3807 lieri,
785 3733 923 3789 adinstar
939 3721 942 3736 '
963 3738 1109 3805 cognatum
1122 3732 1241 3805 aliqnicl,
1267 3732 1318 3787 etsi
1338 3732 1395 3789 alie
1409 3733 1520 3789 mitiore
1534 3732 1633 3805 ιιιοιιο,
1659 3734 1759 3792 decem

127 3822 265 3892 Paradisi,
292 3821 391 3877 telicoe.
435 3820 470 3875 ln
494 3822 580 3877 dume
599 3821 689 3877 Patris
709 3821 798 3877 nestri
819 3822 922 3877 inultas
963 3821 1117 3893 Suciniuni,
1138 3820 1186 3892 qui
1207 3826 1279 3876 recte
1298 3819 1410 3891 quidem
1424 3836 1519 3877 cavere
1535 3820 1645 3893 velunt,
1666 3840 1701 3879 ne
1714 3822 1757 3879 di·

126 3926 188 3965 esse
202 3908 368 3981 mansiones,
383 3907 418 3961 dc
431 3910 509 3966 coele
524 3909 667 3965 beatemm
679 3897 941 3981 preprieclrristuuff
963 3910 1056 3967 vinam
1071 3908 1248 3965 Serretitatem
1275 3906 1416 3981 polluam,
1441 3907 1490 3963 sed
1514 3924 1572 3965 noar
1593 3913 1667 3967 recte
1685 3910 1757 3969 alias

127 3998 217 4071 dixit,
243 3997 317 4069 qued
332 3996 501 4081 Qreum
527 4001 627 4053 secant
645 3996 779 4068 'llicelegi
798 3999 939 4088 quidam,i
962 3997 1014 4055 Dei
1027 3998 1206 4070 perfectiones
1220 3994 1356 4054 desemnt.

125 4094 153 4141 et
169 4091 246 4143 trans
260 4085 361 4156 sidera,
376 4100 425 4141 eeu
439 4086 526 4156 seles,
541 4085 686 4157 collocant,
702 4086 753 4141 etsi
768 4086 837 4141 nilnl
851 4085 939 4142 uerti:
1013 4087 1066 4141 66.
1104 4086 1142 4141 Ut
1172 4084 1291 4157 priemm
1326 4082 1362 4139 ad
1397 4082 1608 4141 Concursum
1643 4083 1755 4146 Mera·

124 4176 160 4231 do
181 4175 242 4231 lece
262 4174 405 4230 beaterum
424 4172 563 4229 arltirnrari
584 4173 690 4245 possit,
713 4173 872 4229 interimet
891 4173 921 4230 in
962 4173 1032 4231 lem
1059 4172 1306 4245 permittentis
1334 4170 1562 4246 respondeamus,
1587 4190 1754 4247 presequen-

126 4262 268 4333 spectabili
290 4260 394 4317 mundo
413 4262 516 4317 inultas
538 4266 724 4318 creaturarum
743 4261 920 4319 rationalium
961 4261 1029 4318 dum
1039 4266 1091 4334 est,
1102 4260 1175 4332 quod
1186 4274 1270 4333 snpra
1281 4258 1371 4315 dicere
1380 4258 1530 4331 coepimus,
1545 4262 1753 4335 permissionem

125 4349 308 4405 lubitutienes
327 4366 389 4405 esse
409 4348 558 4407 verisimile
573 4348 693 4417 judicari
717 4352 823 4424 petest,
848 4349 920 4406 alias
961 4350 1066 4423 peceati
1090 4366 1150 4405 osse
1174 4348 1293 4420 licitam,
1320 4346 1390 4415 (seu
1415 4348 1554 4405 moraliter
1573 4350 1753 4427 possibilem)

122 4436 187 4493 aliis
201 4437 342 4495 feliciores.
936 4474 940 4485 ·
960 4454 1024 4495 cum
1044 4438 1139 4496 debita
1163 4436 1229 4505 <seu
1249 4434 1392 4493 moraliter
1405 4430 1577 4513 amsans)
1598 4438 1752 4500 invenitur:

170 4526 220 4579 59.
237 4524 334 4595 ltaque
347 4530 539 4595 argumentum
553 4542 571 4582 u
585 4524 762 4583 multitudine
774 4526 920 4583 damnato·
937 4564 940 4569 -
961 4526 1064 4583 seilicet
1076 4540 1140 4583 cum
1154 4540 1211 4581 nen
1224 4528 1316 4595 potest
1334 4527 1475 4597 pecccatum
1487 4524 1609 4582 alienum
1624 4526 1752 4603 inpediri

123 4628 186 4669 mm
213 4628 270 4667 nen
289 4616 332 4667 est
348 4612 506 4686 fundatum,
532 4614 588 4670 ruisi
601 4614 629 4669 in
643 4613 799 4683 ignorantia
813 4618 919 4687 neura,
959 4614 1020 4671 sine
1044 4614 1155 4688 propria
1174 4612 1293 4685 ettcnsa,
1315 4610 1343 4667 id
1363 4614 1418 4685 est,
1438 4612 1499 4669 siue
1518 4612 1669 4675 violatione
1682 4617 1752 4695 cjm,

85 4736 92 4754 .
122 4716 230 4773 unaque
244 4698 421 4771 mamedune
434 4700 609 4772 clisseleitur,
628 4716 712 4771 «prum
731 4720 815 4775 supra
829 4704 919 4759 innui·
959 4702 1033 4776 qued
1047 4702 1108 4775 quis
1127 4701 1204 4774 aliis,
1226 4700 1272 4756 vel
1285 4699 1354 4773 sibi,
1374 4698 1466 4755 debet.
1511 4702 1640 4775 Eaernpli
1653 4706 1750 4781 gratu,

122 4804 198 4864 runs,
224 4789 248 4845 si
267 4786 362 4844 emnia
387 4788 470 4844 nobis
487 4794 629 4861 perspecta
648 4788 755 4864 forent,
778 4789 918 4861 uulpuritu-
937 4830 942 4867 ,
959 4791 1039 4847 miles
1052 4790 1082 4847 iu
1095 4790 1214 4847 statione
1227 4789 1347 4862 locatus,
1368 4790 1492 4861 tempore
1505 4792 1664 4863 pracsertim
1679 4794 1750 4864 paeri·

123 4892 199 4952 mm,
220 4895 256 4935 no
269 4875 362 4950 optari
375 4876 486 4949 quidem
502 4894 581 4949 poem
595 4876 724 4949 meliora,
743 4893 827 4949 quum
847 4892 919 4949 quae
937 4871 941 4947 ἲ
958 4881 1066 4952 culoso,
1080 4878 1118 4935 ab
1132 4894 1167 4934 eu
1180 4877 1309 4935 decertem
1323 4892 1380 4934 nen
1395 4875 1491 4950 debet,
1506 4880 1537 4934 ut
1550 4877 1620 4934 duos
1634 4880 1749 4955 etnicos,

123 4964 188 5021 fecit
201 4966 284 5023 Deus.
329 4966 439 5022 l’ecuae.
457 4966 542 5023 etiam
562 4964 756 5023 damnatemm
774 4966 812 5021 ob
825 4981 916 5037 perse·
937 4956 1029 5023 linmr
1051 4982 1083 5023 su
1106 4963 1227 5021 duellum
1252 4972 1400 5039 parantes,
1424 4965 1609 5039 spumando
1634 4974 1748 5027 avertet.

122 5058 263 5111 umen
275 5069 372 5111 amm
392 5054 529 5111 mnium
549 5057 740 5127 ament,
759 5053 831 5111 unae
850 5053 917 5111 inu·
938 5025 1029 5113 lma.
1050 5068 1133 5127 ειμι
1153 5049 1180 5119 s.
1200 5054 1251 5111 us.
1295 5052 1398 5111 maen
1424 5052 1642 5127 ananiaeque
1673 5058 1748 5130 ιῃιι

121 5138 429 5220 musmonem
445 5142 624 5221 recurras,
650 5142 812 5217 nenne
830 5140 917 5203 uero
937 5115 1045 5201 'nean
1063 5140 1241 5217 neugma.
1259 5156 1316 5203 non
1339 5142 1460 5203 amno
1484 5156 1577 5218 noro,
1603 5144 1654 5201 na
1679 5146 1750 5209 sn-
