3706 5828
924 423 1054 525 XVI·

751 601 1014 677 cummuni
1039 575 1225 678 ricmis

509 768 788 891 INITIA
833 771 943 890 ET
988 770 1468 892 SPECIMINA

770 991 964 1050 SCIENTIAE
988 993 1202 1052 GENERAHS.

908 1137 1067 1150 ..............

212 1316 216 1323 ι
311 1246 500 1306 (trementum
518 1246 752 1295 Lattnltlsuum
769 1245 877 1293 nondum
894 1247 986 1294 editum
1004 1261 1019 1294 e
1035 1248 1136 1296 scriniis
1154 1247 1324 1295 Bibliothecae
1340 1245 1437 1304 negiu
1452 1243 1659 1302 asseverasse.)

213 1488 275 1554 Quo
289 1486 376 1559 magis
390 1487 522 1559 appareat
535 1482 672 1556 omnibus,
684 1482 787 1539 lihmm
800 1483 872 1541 hunc
884 1501 903 1540 a
916 1499 962 1540 me
1011 1485 1093 1542 malis
1112 1484 1269 1558 distinguit,
1289 1484 1347 1541 imo
1368 1483 1392 1539 si
1411 1480 1631 1557 conspirantibus
1649 1487 1766 1541 natmae
1779 1489 1806 1540 et

168 1593 226 1633 non
237 1578 335 1647 famae,
346 1590 430 1647 quam
439 1579 532 1630 tamen
540 1589 629 1645 neque
640 1575 795 1644 contemno,
807 1589 896 1645 neque
908 1575 963 1628 tor·
1011 1573 1138 1645 religioni
1151 1573 1316 1629 eredendum
1330 1577 1385 1645 est,
1400 1572 1549 1644 aliquando
1563 1572 1654 1629 felices
1668 1589 1686 1628 a
1700 1572 1806 1628 mismis

168 1669 240 1721 tasse
259 1662 488 1720 contemnendam
500 1661 588 1717 liabeo
603 1660 721 1733 dudum,
742 1660 790 1716 scd
808 1661 962 1717 communis
1012 1661 1219 1718 discdndnabit„
1240 1661 1313 1717 Nam
1327 1679 1345 1717 a
1359 1660 1515 1734 cognitione
1524 1661 1578 1716 Dei
1592 1665 1621 1716 et
1634 1677 1730 1716 amore
1744 1679 1806 1734 pro

167 1753 295 1820 utilitatis
304 1769 388 1808 causa
395 1749 537 1824 publicari,
543 1764 647 1804 nomen
657 1764 814 1805 meumuon
824 1749 879 1805 nisi
889 1766 963 1806 com·
1011 1751 1101 1805 fluunt
1111 1749 1220 1818 justitia
1234 1754 1262 1805 et
1276 1749 1389 1821 caritas,
1408 1750 1573 1806 documenta
1586 1749 1719 1821 veritatis,
1728 1749 1806 1819 errjus

168 1846 305 1899 mutatum
315 1841 462 1914 praefigere
472 1837 593 1909 docrevi3
604 1854 692 1909 eoque
701 1836 815 1893 liberius
825 1838 961 1910 quaedam
1012 1839 1109 1895 doctor
1122 1839 1244 1895 Christus
1255 1838 1315 1894 tuit
1334 1837 1408 1902 Quin
1422 1842 1450 1893 et
1464 1838 1488 1892 si
1502 1838 1575 1910 leges
1588 1837 1733 1893 civitatum
1746 1855 1807 1912 spe·

167 1931 205 1988 ad
214 1929 295 2000 huius
304 1945 404 2002 operae
417 1925 684 1983 commendationem
697 1925 862 1997 pertinentia
872 1925 962 1982 dicere
1011 1932 1125 2000 ctamus,
1140 1927 1172 1982 in
1185 1927 1262 1982 uulla
1275 1924 1385 2000 publiea
1397 1943 1428 1981 re
1443 1926 1566 1999 privatus
1578 1926 1662 1984 bomo
1676 1925 1807 1982 innocen·

169 2022 280 2093 potero,
301 2032 372 2089 quae
390 2014 495 2087 alioqui
510 2012 662 2083 jactantiae
678 2016 807 2086 putarant
820 2013 959 2088 imputari,
1011 2016 1067 2072 tius
1081 2019 1110 2071 et
1124 2016 1231 2071 minore
1250 2013 1466 2088 reprehensionis
1479 2031 1512 2070 ac
1526 2013 1669 2070 turbarum
1683 2014 1807 2088 periculo

169 2123 188 2162 a
201 2105 279 2177 cujus
298 2109 393 2161 remen
410 2102 565 2176 suspicione
583 2118 628 2158 me
649 2104 763 2158 tortasse
782 2103 897 2159 lectores
916 2119 974 2159 ae*
1010 2109 1142 2178 vasatur,
1158 2119 1242 2176 quam
1256 2102 1287 2159 in
1300 2102 1476 2159 scientiarum
1488 2101 1686 2159 instamatione
1700 2120 1734 2160 ac
1743 2120 1807 2176 pro

158 2194 217 2266 ⁴qui
230 2182 374 2264 rerumque
393 2189 576 2263 intelligentes
590 2190 771 2246 absolverent
815 2192 889 2247 Ante
903 2208 961 2247 om·
1012 2194 1092 2264 iectu,
1108 2209 1166 2248 non
1180 2192 1272 2246 minus
1281 2192 1356 2247 euim
1367 2190 1469 2264 publici
1476 2189 1548 2259 juris
1558 2194 1600 2246 est
1608 2191 1711 2246 veritas
1721 2207 1806 2263 quam

168 2282 217 2339 nia
231 2281 315 2354 igitur
328 2296 411 2353 cogor
424 2279 555 2353 profiteri,
571 2279 645 2351 quod
658 2296 701 2334 res
716 2284 770 2334 ost:
785 2279 858 2336 inter
868 2284 911 2335 tot
921 2279 962 2334 vi·
1011 2285 1068 2353 air,
1083 2297 1165 2353 quem
1176 2280 1323 2352 haurimus,
1335 2282 1364 2335 et
1373 2280 1424 2334 lux
1433 2294 1517 2352 quam
1527 2278 1699 2353 percipimus,
1716 2295 1806 2352 neque

168 2387 215 2427 ros
235 2369 357 2442 egregios
378 2368 466 2424 nostri
485 2367 624 2441 temporis,
644 2383 707 2422 oum
727 2368 826 2440 quibus
845 2384 896 2440 ego
914 2384 961 2423 ne
1011 2369 1074 2424 ullis
1094 2368 1179 2425 armis
1199 2368 1318 2424 validius
1342 2372 1476 2439 coguntur
1498 2367 1624 2423 homines
1644 2367 1681 2423 ad
1700 2367 1806 2423 bonam

169 2474 223 2533 que
237 2458 272 2514 de
285 2457 395 2531 iugenio
414 2473 503 2529 nequo
522 2457 558 2512 de
576 2453 700 2512 doctrina
719 2456 894 2528 certaverim,
914 2471 962 2511 ne
1011 2459 1128 2530 frugem,
1149 2473 1233 2528 quam
1255 2455 1497 2530 demonstratione,
1519 2461 1551 2511 ut
1569 2459 1642 2511 recte
1661 2456 1736 2529 apud
1755 2457 1806 2512 Fs‘

169 2546 273 2603 minem
288 2545 367 2602 uelle
380 2544 485 2614 majore
498 2545 590 2601 studio
600 2545 759 2617 sinceroque
769 2545 857 2618 magis
871 2544 901 2599 in
915 2561 962 2599 ve-
1011 2545 1091 2601 dram
1105 2545 1209 2602 (fictum
1222 2544 1267 2616 sit,
1282 2544 1351 2600 nihil
1370 2544 1485 2612 veritate
1503 2543 1600 2600 sertim
1618 2561 1686 2600 eme.
1731 2545 1806 2610 Quo·

168 2635 289 2706 ritatem
312 2633 435 2706 lucrique
458 2638 488 2690 et
511 2633 672 2691 ambitionis
691 2649 769 2706 puro,
791 2635 891 2689 afflatu
912 2648 961 2706 per
1011 2633 1095 2689 modo
1120 2636 1212 2688 autem
1238 2632 1389 2706 palpabiles
1413 2632 1805 2707 demonstrationes,=calcalis

168 2738 252 2780 omne
272 2722 477 2794 disciplinarum
491 2738 576 2794 genus
594 2721 704 2795 publico
723 2722 829 2794 generis
847 2720 961 2778 humani
1011 2721 1254 2778 Ariflrmeticorum
1279 2726 1329 2776 aut
1356 2722 1565 2777 Geometrarnm
1597 2720 1805 2793 diagrammatis

169 2812 245 2868 bono
263 2810 410 2866 laborasse
453 2809 534 2866 lllam
552 2809 628 2864 enim
646 2814 675 2865 et
693 2825 800 2865 mecum
814 2809 899 2866 statui
912 2809 962 2865 du·
1011 2827 1099 2885 peres,
1114 2810 1144 2864 in
1159 2809 1236 2866 omni
1250 2826 1348 2881 genere
1357 2825 1449 2867 rerum
1463 2809 1560 2866 confici
1574 2809 1689 2882 possint,
1704 2811 1804 2884 quibus

168 2899 251 2971 dum,
276 2902 306 2954 et
324 2897 413 2953 multo
431 2898 574 2954 hominum
594 2913 645 2952 usu
668 2897 848 2953 certissimam
867 2897 961 2970 depre
1010 2897 1056 2956 vel
1079 2898 1180 2955 veritas
1203 2897 1331 2954 absoluta
1355 2897 1399 2954 vel
1423 2897 1530 2971 saltam,
1557 2914 1619 2954 cum
1643 2898 1806 2956 monemus

168 2987 251 3044 bendi
271 3003 352 3043 verae
370 2985 480 3058 pietatis
503 2989 613 3042 notam:
640 2985 671 3040 in
690 2985 732 3041 his
751 2987 874 3042 maxime
892 2984 962 3040 eniti
1011 2987 1076 3043 data
1089 2987 1212 3044 nondum
1226 2987 1374 3059 habentur,
1390 2985 1514 3042 maxima
1527 2986 1731 3060 probabilitatis
1744 3003 1805 3060 gra·

168 3076 199 3132 in
213 3076 256 3132 liis
274 3091 324 3130 sua
337 3073 508 3146 compendia,
529 3090 608 3133 siam
626 3073 797 3146 voluptatem
816 3073 959 3144 collocare,
1011 3076 1062 3131 dus
1076 3092 1112 3131 ex
1123 3075 1194 3130 dafis
1205 3074 1632 3132 infallibilitcrcondudaturboc
1642 3075 1704 3132 loco
1714 3081 1804 3132 osten·

168 3179 239 3237 quae
258 3162 289 3218 in
309 3162 448 3235 publicam
472 3162 589 3218 salutem
609 3161 772 3236 redundant,
793 3161 961 3218 commoveri
1011 3165 1107 3220 demus
1131 3163 1240 3220 traditis
1267 3162 1459 3219 Elementis
1491 3163 1660 3220 veritatis
1690 3168 1804 3221 aeter·

168 3251 278 3326 penitus
296 3250 416 3307 aliorum
433 3250 526 3323 nafis,
546 3255 576 3306 ct
593 3250 618 3305 si
638 3266 776 3307 occurrero
794 3251 883 3324 possis
903 3266 962 3305 non
1010 3269 1087 3323 nae,
1099 3267 1170 3325 quae
1184 3252 1314 3308 hactenus
1327 3267 1385 3307 uon
1399 3251 1480 3307 aliter
1494 3253 1569 3308 mere
1582 3243 1655 3309 in'tar
1668 3253 1802 3326 homines,

168 3341 253 3396 modo
273 3355 331 3395 non
350 3338 531 3395 incommodis
549 3337 599 3394 sed
616 3354 705 3410 neque
728 3339 854 3411 periculis
873 3338 961 3395 deter-
1010 3355 1094 3412 quam
1108 3339 1175 3395 olim
1195 3341 1361 3396 irunientum
1382 3339 1513 3412 silvesbe,
1532 3344 1680 3413 antequam
1697 3341 1804 3398 ratione

168 3428 231 3486 reri.
263 3428 344 3494 Quod
362 3426 506 3484 hominum
524 3443 609 3500 mnus
629 3426 687 3482 scio
706 3443 803 3499 parum
818 3427 960 3501 politicum
1010 3428 1153 3484 coleretur.
1196 3427 1266 3484 Cum
1285 3428 1360 3484 euim
1374 3428 1455 3484 multi
1467 3427 1570 3501 egregii
1583 3429 1638 3487 viri
1650 3433 1733 3486 extra
1745 3430 1804 3486 Ma·

168 3517 224 3574 illis
237 3516 334 3588 videri,
349 3514 521 3588 quibustinis
534 3515 662 3573 laborum
683 3520 815 3588 censam,
830 3516 900 3580 bauo
919 3514 961 3570 vi·
1011 3515 1171 3572 thematicas
1196 3517 1279 3589 vulgo
1298 3516 1407 3574 liabitas
1426 3517 1583 3590 disciplinas
1601 3519 1653 3573 boc
1678 3518 1804 3591 inprimis

168 3610 227 3662 mm
238 3604 358 3674 jucundo
372 3603 529 3676 transigere,
549 3607 598 3660 aut
611 3603 660 3676 qui
673 3608 770 3660 cuncta
784 3606 906 3660 reteniat
923 3602 960 3658 ad
1010 3604 1117 3661 saeoqu
1136 3605 1384 3662 demonstrationes
1403 3606 1484 3663 edere
1502 3607 1678 3679 tentaverint,
1697 3623 1805 3680 semper

168 3692 560 3766 arammagnitudinem,suas
573 3692 782 3748 commoditates
791 3691 890 3764 quibus
905 3691 961 3746 vel·
1010 3698 1104 3750 tamen
1131 3692 1328 3766 deprehensum
1352 3692 1407 3765 est,
1433 3694 1538 3766 aliquid
1567 3695 1604 3751 ad
1627 3711 1724 3751 aarum
1748 3694 1805 3752 um

169 3781 236 3853 lent,
256 3782 281 3837 si
300 3797 369 3855 opus
388 3781 433 3855 sit,
454 3780 579 3837 omnium
598 3780 716 3836 aliomm
729 3780 841 3837 miseria
854 3779 960 3836 serviri.
1011 3782 1113 3839 (lecese.
1158 3783 1281 3854 Cumque
1299 3781 1419 3854 insignes
1439 3783 1603 3841 Geometrae
1621 3782 1652 3838 in
1670 3783 1734 3858 ipsc
1751 3785 1804 3841 Era

168 3869 223 3925 Sed
241 3872 370 3941 scquatrcr
389 3869 504 3942 quisque
517 3869 638 3926 rationes
656 3884 734 3941 suas3
754 3868 823 3924 milri
843 3867 959 3943 videtm,
1010 3870 1082 3927 elide
1095 3886 1153 3926 non
1166 3887 1273 3927 errores
1285 3870 1406 3943 quidem,
1426 3874 1456 3926 at
1474 3870 1506 3926 in
1524 3871 1739 3929 demonstrando
1758 3872 1804 3929 dc·

169 3957 277 4012 futurae
307 3972 414 4028 quoque
438 3958 513 4015 vitam
537 3956 668 4030 prudenti
691 3973 785 4013 curam
805 3956 961 4013 habendam
1012 3961 1098 4015 tectus
1117 3958 1343 4032 deprehenderint
1365 3975 1398 4014 ac
1421 3958 1523 4032 partim
1541 3960 1736 4033 suppleverint,
1756 3960 1803 4034 qui

169 4037 293 4121 (dequo
311 4044 393 4100 multi
411 4045 487 4102 velut
505 4045 541 4103 de
563 4045 672 4103 somnio
696 4049 806 4102 onium
824 4050 853 4101 et
872 4046 962 4103 obiter
1012 4050 1106 4104 tamen
1125 4047 1156 4122 in
1175 4047 1334 4104 Geometria
1353 4049 1410 4103 iere
1430 4047 1552 4120 pieriurlo
1575 4047 1677 4104 erroris
1694 4053 1802 4123 vacant,

168 4131 306 4206 cogitant)
320 4136 349 4187 et
362 4131 469 4188 homini
482 4134 661 4206 spectandum
673 4150 741 4207 esse,
761 4133 828 4206 quid
847 4134 962 4208 dignum
1011 4152 1074 4192 cum
1093 4135 1222 4208 pleraque
1241 4135 1278 4193 ab
1300 4152 1334 4192 co
1357 4135 1460 4192 omissa
1478 4135 1540 4209 ipso
1564 4153 1645 4192 sensu
1664 4137 1804 4194 communi

168 4220 206 4277 sit
224 4219 349 4292 bomine,
373 4219 441 4292 quid
459 4224 574 4279 naturae
595 4222 720 4279 creatrici
738 4227 960 4294 consentaneum,
1011 4223 1312 4296 innumerabilibusque
1322 4224 1517 4297 experimentis
1526 4225 1804 4300 confirmentar,quid

58 4345 61 4348 .
168 4308 236 4382 qna
254 4308 338 4366 aaut
361 4308 397 4364 aa
416 4324 511 4364 verm
528 4309 722 4382 eneconem
741 4314 770 4367 et
788 4309 962 4368 maneum
986 4294 989 4385 l
1012 4312 1048 4369 ae
1061 4312 1117 4368 na
1131 4312 1260 4385 aremus
1274 4312 1323 4384 qur
1342 4313 1424 4386 longe
1442 4312 1544 4369 assum
1562 4312 1599 4369 as
1615 4315 1667 4370 rae
1683 4315 1804 4372 amosa

168 4412 277 4469 rcrom3
298 4396 402 4453 suificat
420 4412 554 4453 exornare
573 4399 701 4471 Spartam
720 4402 812 4470 torm,
831 4403 861 4456 et
878 4414 962 4471 quam
986 4396 989 4457 l
1011 4404 1042 4456 et
1060 4405 1154 4457 umen
1173 4400 1204 4456 in
1222 4401 1390 4474 argumentis
1409 4405 1560 4474 versantm,
1575 4401 1625 4459 ubi
1644 4403 1734 4460 tacilis
1748 4403 1804 4461 ‚de

168 4485 225 4542 lato
238 4485 328 4558 possis
342 4484 560 4542 beuefideutiam
577 4487 733 4545 extendere.
778 4488 851 4544 Vera
869 4490 962 4543 autem
986 4474 989 4545 ἶ
1012 4489 1102 4561 ceptio
1128 4493 1185 4562 est,
1211 4488 1374 4563 difficileque
1399 4505 1516 4546 momen
1535 4507 1585 4562 per
1607 4491 1802 4564 expaimenta

164 4568 290 4632 barinis
304 4573 436 4646 perfactio
449 4573 480 4628 in
494 4571 581 4629 animi
595 4574 746 4632 vertutibus
757 4575 814 4632 sita
826 4579 877 4647 ast,
891 4591 963 4647 quae
986 4548 989 4645 ἶ
1012 4576 1129 4633 Modum
1144 4594 1209 4650 ergo
1223 4578 1331 4635 tradere
1344 4576 1496 4651 aggredior,
1515 4594 1571 4651 quo
1589 4595 1697 4652 semper
1718 4580 1805 4639 homi·

169 4669 190 4719 a'
197 4665 275 4720 roca
288 4660 395 4719 rationo
408 4661 467 4718 sivo
480 4660 637 4733 cognitione
654 4663 772 4719 vinitatis
790 4664 963 4737 pmbciscun·
986 4650 989 4735 ἱ
1012 4681 1062 4722 nes
1076 4664 1298 4723 ratiocinationes
1311 4683 1375 4722 sms
1388 4666 1419 4721 in
1432 4666 1510 4722 omui
1523 4672 1686 4754 argqmento
1698 4670 1737 4727 ad
1751 4670 1805 4726 ral-

170 4749 314 4824 tue-unda
323 4749 446 4823 muntia
460 4765 570 4822 quoque
583 4755 677 4810 nostra
688 4753 748 4806 tum
758 4751 789 4807 in
801 4769 901 4826 corpus
914 4752 963 4808 bu·
986 4742 989 4853 Ι
1012 4753 1068 4809 culi
1081 4754 1201 4809 sormam
1214 4752 1344 4812 mhibaa
1357 4755 1607 4828 controversiasque
1616 4773 1714 4814 omnes
1728 4758 1805 4816 tinisa

170 4855 293 4914 manum
312 4841 374 4894 tam
388 4837 418 4892 in
430 4855 546 4912 corpora
558 4837 732 4908 moounoeta
744 4845 867 4912 angebar.
910 4841 963 4906 ,Vo-
1013 4845 1136 4914 pcmrmt,
1150 4847 1182 4897 ut
1195 4859 1253 4898 non
1263 4841 1324 4911 jam
1337 4842 1503 4900 clamoribus
1520 4860 1580 4900 ram
1598 4860 1679 4918 agera
1697 4863 1806 4905 necessa

169 4927 281 4984 ritatem
294 4943 360 4999 ergo
373 4925 496 4984 invenire
510 4930 539 4983 ct
551 4926 732 4983 inveniendae
745 4928 859 4984 modum
872 4933 964 4985 osten·
1012 4929 1058 5003 sit,
1079 4929 1128 4985 sed
1146 4930 1216 4986 alter
1234 4930 1314 4986 alteri
1332 4931 1423 4988 dicere
1435 4931 1538 5004 possit:
1559 4933 1739 4992 Calculemus.
1769 4935 1806 4992 Et

169 5014 234 5071 dero
252 5017 315 5072 sons
335 5031 393 5072 esso
411 5014 520 5071 videtur
538 5015 629 5070 omnis
653 5015 789 5071 humanae
815 5017 961 5091 felicitatis,
1012 5034 1076 5074 cum
1089 5018 1126 5074 ab
1141 5021 1255 5090 utraque
1268 5023 1346 5091 parta
1359 5019 1480 5076 rationes
1495 5021 1601 5078 validae
1619 5029 1710 5096 euml,
1731 5023 1806 5098 quod

170 5119 241 5177 quae
254 5119 312 5161 nou
325 5107 435 5160 mutum
452 5103 586 5161 barbaros
605 5120 624 5160 a
641 5102 723 5160 cultis
737 5103 785 5159 sed
799 5107 828 5160 et
842 5104 962 5162 bonose
987 5118 988 5123 ¹
1013 5106 1050 5162 sit
1071 5105 1100 5161 in
1120 5106 1201 5162 rebus
1220 5107 1360 5181 concretis,
1380 5107 1428 5164 ubi
1448 5109 1586 5183 utrimque
1604 5113 1751 5170 commoda
1764 5118 1806 5171 et·
