<?xml version="1.0" encoding="UTF-8"?>
<!DOCTYPE html PUBLIC "-//W3C//DTD XHTML 1.0 Transitional//EN"
    "http://www.w3.org/TR/xhtml1/DTD/xhtml1-transitional.dtd">
<html xmlns="http://www.w3.org/1999/xhtml" xml:lang="en" lang="en">
 <head>
  <title>
</title>
<meta http-equiv="Content-Type" content="text/html;charset=utf-8" />
  <meta name='ocr-system' content='tesseract 3.04.00' />
  <meta name='ocr-capabilities' content='ocr_page ocr_carea ocr_par ocr_line ocrx_word'/>
</head>
<body>
  <div class='ocr_page' id='page_1' title='image "./operaphilosophi00erdmgoog/operaphilosophi00erdmgoog_0115.png"; bbox 0 0 3706 5828; ppageno 0'>
   <div class='ocr_carea' id='block_1_1' title="bbox 130 328 1133 402">
    <p class='ocr_par' dir='ltr' id='par_1_1' title="bbox 130 328 1133 402">
     <span class='ocr_line' id='line_1_1' title="bbox 130 328 1133 402; baseline -0.002 -1"><span class='ocrx_word' id='word_1_1' title='bbox 130 332 173 402; x_wconf 73' lang='lat'><strong>72</strong></span> <span class='ocrx_word' id='word_1_2' title='bbox 759 340 805 400; x_wconf 80' lang='lat' dir='ltr'><strong>vl</strong></span> <span class='ocrx_word' id='word_1_3' title='bbox 827 341 879 400; x_wconf 84' lang='lat' dir='ltr'><strong>DE</strong></span> <span class='ocrx_word' id='word_1_4' title='bbox 892 341 982 402; x_wconf 75' lang='lat' dir='ltr'><strong>vna</strong></span> <span class='ocrx_word' id='word_1_5' title='bbox 993 328 1133 400; x_wconf 76' lang='lat' dir='ltr'><strong>BEATA.</strong></span> 
     </span>
    </p>
   </div>
   <div class='ocr_carea' id='block_1_2' title="bbox 128 426 1756 1886">
    <p class='ocr_par' dir='ltr' id='par_1_2' title="bbox 128 426 1756 1886">
     <span class='ocr_line' id='line_1_2' title="bbox 129 426 1754 585; baseline -0.002 -39"><span class='ocrx_word' id='word_1_6' title='bbox 129 491 202 546; x_wconf 79' lang='lat' dir='ltr'><strong>suae</strong></span> <span class='ocrx_word' id='word_1_7' title='bbox 220 490 308 561; x_wconf 84' lang='lat' dir='ltr'><strong>patet,</strong></span> <span class='ocrx_word' id='word_1_8' title='bbox 328 426 455 543; x_wconf 84' lang='lat' dir='ltr'><strong>utnulla</strong></span> <span class='ocrx_word' id='word_1_9' title='bbox 474 484 587 541; x_wconf 87' lang='lat' dir='ltr'><strong>modo</strong></span> <span class='ocrx_word' id='word_1_10' title='bbox 579 501 608 540; x_wconf 95' lang='grc' dir='ltr'><strong>ιιι</strong></span> <span class='ocrx_word' id='word_1_11' title='bbox 634 484 751 585; x_wconf 83' lang='lat' dir='ltr'><strong>dubium</strong></span> <span class='ocrx_word' id='word_1_12' title='bbox 769 484 857 559; x_wconf 85' lang='lat' dir='ltr'><strong>possit</strong></span> <span class='ocrx_word' id='word_1_13' title='bbox 875 501 917 541; x_wconf 89' lang='lat' dir='ltr'><strong>re·</strong></span> <span class='ocrx_word' id='word_1_14' title='bbox 966 484 1105 541; x_wconf 75' lang='lat' dir='ltr'><strong>intellude</strong></span> <span class='ocrx_word' id='word_1_15' title='bbox 1126 482 1269 541; x_wconf 80' lang='lat' dir='ltr'>exhibetur</span> <span class='ocrx_word' id='word_1_16' title='bbox 1291 487 1424 556; x_wconf 86' lang='lat' dir='ltr'><strong>tanquam</strong></span> <span class='ocrx_word' id='word_1_17' title='bbox 1445 484 1549 541; x_wconf 90' lang='lat' dir='ltr'><strong>bonum</strong></span> <span class='ocrx_word' id='word_1_18' title='bbox 1571 485 1616 542; x_wconf 84' lang='lat' dir='ltr'><strong>vel</strong></span> <span class='ocrx_word' id='word_1_19' title='bbox 1640 486 1754 560; x_wconf 88' lang='lat' dir='ltr'><strong>malum,</strong></span> 
     </span>
     <span class='ocr_line' id='line_1_3' title="bbox 129 571 1755 647; baseline 0.004 -22"><span class='ocrx_word' id='word_1_20' title='bbox 129 592 230 634; x_wconf 62' lang='lat' dir='ltr'><strong>vodan.</strong></span> <span class='ocrx_word' id='word_1_21' title='bbox 966 572 1088 644; x_wconf 78' lang='lat' dir='ltr'><strong>suttidet,</strong></span> <span class='ocrx_word' id='word_1_22' title='bbox 1108 572 1132 626; x_wconf 91' lang='lat' dir='ltr'><strong>si</strong></span> <span class='ocrx_word' id='word_1_23' title='bbox 1151 586 1258 645; x_wconf 90' lang='lat' dir='ltr'><strong>semper</strong></span> <span class='ocrx_word' id='word_1_24' title='bbox 1277 576 1350 629; x_wconf 86' lang='lat' dir='ltr'><strong>reete</strong></span> <span class='ocrx_word' id='word_1_25' title='bbox 1364 571 1526 647; x_wconf 84' lang='lat' dir='ltr'><strong>judicemus,</strong></span> <span class='ocrx_word' id='word_1_26' title='bbox 1546 578 1579 631; x_wconf 90' lang='lat' dir='ltr'><strong>ut</strong></span> <span class='ocrx_word' id='word_1_27' title='bbox 1597 580 1670 632; x_wconf 90' lang='lat' dir='ltr'><strong>reete</strong></span> <span class='ocrx_word' id='word_1_28' title='bbox 1685 591 1755 632; x_wconf 76' lang='lat' dir='ltr'><strong>san·</strong></span> 
     </span>
     <span class='ocr_line' id='line_1_4' title="bbox 174 659 1166 736; baseline -0.005 -16"><span class='ocrx_word' id='word_1_29' title='bbox 174 664 204 720; x_wconf 87' lang='grc'><strong>2.</strong></span> <span class='ocrx_word' id='word_1_30' title='bbox 224 663 263 719; x_wconf 85' lang='lat' dir='ltr'><strong>Ut</strong></span> <span class='ocrx_word' id='word_1_31' title='bbox 276 678 387 720; x_wconf 88' lang='lat' dir='ltr'><strong>omnem</strong></span> <span class='ocrx_word' id='word_1_32' title='bbox 401 661 636 736; x_wconf 69' lang='lat' dir='ltr'><strong>paedpitantiam</strong></span> <span class='ocrx_word' id='word_1_33' title='bbox 649 664 732 734; x_wconf 87' lang='lat' dir='ltr'><strong>atque</strong></span> <span class='ocrx_word' id='word_1_34' title='bbox 745 659 918 735; x_wconf 83' lang='lat' dir='ltr'><strong>anticipatio·</strong></span> <span class='ocrx_word' id='word_1_35' title='bbox 966 676 1016 735; x_wconf 91' lang='lat' dir='ltr'><strong>per</strong></span> <span class='ocrx_word' id='word_1_36' title='bbox 1027 661 1166 717; x_wconf 79' lang='lat' dir='ltr'><strong>faeiamm</strong></span> 
     </span>
     <span class='ocr_line' id='line_1_5' title="bbox 130 747 1754 825; baseline -0.002 -14"><span class='ocrx_word' id='word_1_37' title='bbox 130 769 195 811; x_wconf 91' lang='lat' dir='ltr'><strong>nem</strong></span> <span class='ocrx_word' id='word_1_38' title='bbox 223 750 424 822; x_wconf 86' lang='lat' dir='ltr'><strong>injudicando</strong></span> <span class='ocrx_word' id='word_1_39' title='bbox 448 762 533 823; x_wconf 89' lang='lat' dir='ltr'><strong>qumn</strong></span> <span class='ocrx_word' id='word_1_40' title='bbox 559 749 767 823; x_wconf 81' lang='lat' dir='ltr'><strong>‹liligmtissime</strong></span> <span class='ocrx_word' id='word_1_41' title='bbox 791 749 917 822; x_wconf 77' lang='lat' dir='ltr'><strong>vitemus,</strong></span> <span class='ocrx_word' id='word_1_42' title='bbox 1011 748 1041 804; x_wconf 80' lang='lat'><strong>2.</strong></span> <span class='ocrx_word' id='word_1_43' title='bbox 1062 749 1176 815; x_wconf 71' lang='lat' dir='ltr'><strong>Quoties</strong></span> <span class='ocrx_word' id='word_1_44' title='bbox 1200 747 1272 804; x_wconf 85' lang='lat' dir='ltr'><strong>eirca</strong></span> <span class='ocrx_word' id='word_1_45' title='bbox 1290 748 1402 821; x_wconf 89' lang='lat' dir='ltr'><strong>aliquid,</strong></span> <span class='ocrx_word' id='word_1_46' title='bbox 1427 748 1495 822; x_wconf 89' lang='lat' dir='ltr'><strong>quid</strong></span> <span class='ocrx_word' id='word_1_47' title='bbox 1514 765 1609 807; x_wconf 88' lang='lat' dir='ltr'><strong>revera</strong></span> <span class='ocrx_word' id='word_1_48' title='bbox 1627 751 1665 807; x_wconf 89' lang='lat' dir='ltr'><strong>sit</strong></span> <span class='ocrx_word' id='word_1_49' title='bbox 1679 752 1754 825; x_wconf 89' lang='lat' dir='ltr'><strong>opti·</strong></span> 
     </span>
     <span class='ocr_line' id='line_1_6' title="bbox 129 837 1755 914; baseline 0 -16"><span class='ocrx_word' id='word_1_50' title='bbox 129 833 821 942; x_wconf 82' lang='lat' dir='ltr'><strong>nihilqneoompleetarnurinconclusioneamplius</strong></span> <span class='ocrx_word' id='word_1_51' title='bbox 835 853 918 910; x_wconf 83' lang='lat' dir='ltr'><strong>quarn</strong></span> <span class='ocrx_word' id='word_1_52' title='bbox 966 853 1052 909; x_wconf 91' lang='lat' dir='ltr'><strong>mum,</strong></span> <span class='ocrx_word' id='word_1_53' title='bbox 1069 852 1214 910; x_wconf 82' lang='lat' dir='ltr'><strong>agnosoere</strong></span> <span class='ocrx_word' id='word_1_54' title='bbox 1232 853 1290 892; x_wconf 95' lang='lat' dir='ltr'><strong>non</strong></span> <span class='ocrx_word' id='word_1_55' title='bbox 1309 853 1461 910; x_wconf 81' lang='lat' dir='ltr'><strong>possumus,</strong></span> <span class='ocrx_word' id='word_1_56' title='bbox 1480 838 1551 895; x_wconf 89' lang='lat' dir='ltr'><strong>illud</strong></span> <span class='ocrx_word' id='word_1_57' title='bbox 1563 839 1694 896; x_wconf 90' lang='lat' dir='ltr'><strong>debemus</strong></span> <span class='ocrx_word' id='word_1_58' title='bbox 1710 856 1755 899; x_wconf 86' lang='lat' dir='ltr'><strong>se-</strong></span> 
     </span>
     <span class='ocr_line' id='line_1_7' title="bbox 130 925 1755 1006; baseline -0.001 -20"><span class='ocrx_word' id='word_1_59' title='bbox 130 928 228 1006; x_wconf 88' lang='lat' dir='ltr'><strong>qnod</strong></span> <span class='ocrx_word' id='word_1_60' title='bbox 219 945 250 984; x_wconf 90' lang='lat' dir='ltr'><strong>m</strong></span> <span class='ocrx_word' id='word_1_61' title='bbox 259 928 413 1002; x_wconf 81' lang='lat' dir='ltr'><strong>praernissis</strong></span> <span class='ocrx_word' id='word_1_62' title='bbox 426 928 590 985; x_wconf 84' lang='lat' dir='ltr'><strong>eontinetur.</strong></span> <span class='ocrx_word' id='word_1_63' title='bbox 967 926 1015 999; x_wconf 92' lang='lat' dir='ltr'><strong>qui</strong></span> <span class='ocrx_word' id='word_1_64' title='bbox 1035 926 1108 998; x_wconf 92' lang='lat' dir='ltr'><strong>qnod</strong></span> <span class='ocrx_word' id='word_1_65' title='bbox 1122 925 1258 999; x_wconf 83' lang='lat' dir='ltr'><strong>optimum</strong></span> <span class='ocrx_word' id='word_1_66' title='bbox 1276 926 1392 998; x_wconf 86' lang='lat' dir='ltr'><strong>videtur,</strong></span> <span class='ocrx_word' id='word_1_67' title='bbox 1408 927 1451 982; x_wconf 87' lang='lat' dir='ltr'><strong>vel</strong></span> <span class='ocrx_word' id='word_1_68' title='bbox 1465 927 1755 985; x_wconf 64' lang='lat' dir='ltr'><strong>maurannetus</strong></span> 
     </span>
     <span class='ocr_line' id='line_1_8' title="bbox 175 997 1755 1089; baseline 0 -16"><span class='ocrx_word' id='word_1_69' title='bbox 175 1019 204 1073; x_wconf 80' lang='lat'><strong>3.</strong></span> <span class='ocrx_word' id='word_1_70' title='bbox 226 1017 265 1074; x_wconf 86' lang='lat' dir='ltr'><strong>ut</strong></span> <span class='ocrx_word' id='word_1_71' title='bbox 283 1017 464 1089; x_wconf 73' lang='lat' dir='ltr'><strong>diffiemmtm,</strong></span> <span class='ocrx_word' id='word_1_72' title='bbox 478 1031 548 1089; x_wconf 92' lang='lat' dir='ltr'><strong>quos</strong></span> <span class='ocrx_word' id='word_1_73' title='bbox 567 1015 752 1073; x_wconf 73' lang='lat' dir='ltr'><strong>examinatum</strong></span> <span class='ocrx_word' id='word_1_74' title='bbox 772 1030 866 1072; x_wconf 89' lang='lat' dir='ltr'><strong>sumus</strong></span> <span class='ocrx_word' id='word_1_75' title='bbox 887 1015 918 1070; x_wconf 88' lang='lat' dir='ltr'><strong>in</strong></span> <span class='ocrx_word' id='word_1_76' title='bbox 966 1030 1053 1070; x_wconf 90' lang='lat' dir='ltr'><strong>unum</strong></span> <span class='ocrx_word' id='word_1_77' title='bbox 1074 1015 1159 1071; x_wconf 85' lang='lat' dir='ltr'><strong>altero</strong></span> <span class='ocrx_word' id='word_1_78' title='bbox 1180 1013 1354 1070; x_wconf 80' lang='lat' dir='ltr'><strong>vedsimilius</strong></span> <span class='ocrx_word' id='word_1_79' title='bbox 1366 1030 1425 1070; x_wconf 91' lang='lat' dir='ltr'><strong>non</strong></span> <span class='ocrx_word' id='word_1_80' title='bbox 1438 997 1577 1088; x_wconf 73' lang='lat' dir='ltr'>appareat,</span> <span class='ocrx_word' id='word_1_81' title='bbox 1592 1016 1755 1073; x_wconf 87' lang='lat' dir='ltr'><strong>alterutrum</strong></span> 
     </span>
     <span class='ocr_line' id='line_1_9' title="bbox 130 1101 1754 1181; baseline -0.001 -18"><span class='ocrx_word' id='word_1_82' title='bbox 130 1110 173 1163; x_wconf 93' lang='lat' dir='ltr'><strong>tot</strong></span> <span class='ocrx_word' id='word_1_83' title='bbox 190 1111 283 1181; x_wconf 85' lang='lat' dir='ltr'><strong>partes</strong></span> <span class='ocrx_word' id='word_1_84' title='bbox 300 1105 470 1179; x_wconf 83' lang='lat' dir='ltr'><strong>dividamm,</strong></span> <span class='ocrx_word' id='word_1_85' title='bbox 490 1109 557 1178; x_wconf 89' lang='lat' dir='ltr'><strong>quot</strong></span> <span class='ocrx_word' id='word_1_86' title='bbox 576 1104 688 1179; x_wconf 88' lang='lat' dir='ltr'><strong>expedit</strong></span> <span class='ocrx_word' id='word_1_87' title='bbox 711 1104 747 1160; x_wconf 85' lang='lat' dir='ltr'><strong>ad</strong></span> <span class='ocrx_word' id='word_1_88' title='bbox 765 1104 828 1160; x_wconf 89' lang='lat' dir='ltr'><strong>illas</strong></span> <span class='ocrx_word' id='word_1_89' title='bbox 842 1119 916 1160; x_wconf 90' lang='lat' dir='ltr'><strong>oom-</strong></span> <span class='ocrx_word' id='word_1_90' title='bbox 967 1109 1060 1160; x_wconf 86' lang='lat' dir='ltr'><strong>tamon</strong></span> <span class='ocrx_word' id='word_1_91' title='bbox 1072 1103 1180 1175; x_wconf 84' lang='lat' dir='ltr'><strong>eligere</strong></span> <span class='ocrx_word' id='word_1_92' title='bbox 1206 1101 1264 1158; x_wconf 90' lang='lat' dir='ltr'><strong>Nee</strong></span> <span class='ocrx_word' id='word_1_93' title='bbox 1276 1118 1343 1159; x_wconf 82' lang='lat' dir='ltr'><strong>vesu</strong></span> <span class='ocrx_word' id='word_1_94' title='bbox 1357 1107 1408 1176; x_wconf 79' lang='lat' dir='ltr'><strong>ast,</strong></span> <span class='ocrx_word' id='word_1_95' title='bbox 1426 1118 1476 1158; x_wconf 89' lang='lat' dir='ltr'><strong>cur</strong></span> <span class='ocrx_word' id='word_1_96' title='bbox 1488 1104 1658 1176; x_wconf 65' lang='lat' dir='ltr'><strong>manantia</strong></span> <span class='ocrx_word' id='word_1_97' title='bbox 1671 1106 1754 1161; x_wconf 86' lang='lat' dir='ltr'><strong>daea-</strong></span> 
     </span>
     <span class='ocr_line' id='line_1_10' title="bbox 130 1190 1755 1268; baseline -0.002 -15"><span class='ocrx_word' id='word_1_98' title='bbox 130 1195 239 1253; x_wconf 90' lang='lat' dir='ltr'><strong>modius</strong></span> <span class='ocrx_word' id='word_1_99' title='bbox 251 1193 439 1252; x_wconf 73' lang='lat' dir='ltr'><strong>resonemus-</strong></span> <span class='ocrx_word' id='word_1_100' title='bbox 967 1196 1026 1266; x_wconf 89' lang='lat' dir='ltr'><strong>tur,</strong></span> <span class='ocrx_word' id='word_1_101' title='bbox 1046 1191 1094 1264; x_wconf 92' lang='lat' dir='ltr'><strong>qui</strong></span> <span class='ocrx_word' id='word_1_102' title='bbox 1112 1190 1182 1246; x_wconf 89' lang='lat' dir='ltr'><strong>illud</strong></span> <span class='ocrx_word' id='word_1_103' title='bbox 1202 1191 1274 1264; x_wconf 88' lang='lat' dir='ltr'><strong>feeit,</strong></span> <span class='ocrx_word' id='word_1_104' title='bbox 1289 1191 1363 1263; x_wconf 91' lang='lat' dir='ltr'><strong>quod</strong></span> <span class='ocrx_word' id='word_1_105' title='bbox 1381 1191 1517 1264; x_wconf 90' lang='lat' dir='ltr'><strong>optimum</strong></span> <span class='ocrx_word' id='word_1_106' title='bbox 1536 1209 1594 1249; x_wconf 78' lang='lat' dir='ltr'><strong>asse</strong></span> <span class='ocrx_word' id='word_1_107' title='bbox 1610 1192 1755 1268; x_wconf 82' lang='lat' dir='ltr'><strong>judicavit,</strong></span> 
     </span>
     <span class='ocr_line' id='line_1_11' title="bbox 176 1279 1756 1357; baseline 0 -18"><span class='ocrx_word' id='word_1_108' title='bbox 176 1285 205 1339; x_wconf 97' lang='grc'><strong>4.</strong></span> <span class='ocrx_word' id='word_1_109' title='bbox 229 1283 267 1340; x_wconf 92' lang='lat' dir='ltr'><strong>Ut</strong></span> <span class='ocrx_word' id='word_1_110' title='bbox 283 1282 461 1357; x_wconf 85' lang='lat' dir='ltr'><strong>cogitationes</strong></span> <span class='ocrx_word' id='word_1_111' title='bbox 474 1297 578 1354; x_wconf 80' lang='lat' dir='ltr'><strong>omnes,</strong></span> <span class='ocrx_word' id='word_1_112' title='bbox 598 1295 666 1354; x_wconf 87' lang='lat' dir='ltr'><strong>quas</strong></span> <span class='ocrx_word' id='word_1_113' title='bbox 683 1279 794 1338; x_wconf 83' lang='lat' dir='ltr'><strong>veritati</strong></span> <span class='ocrx_word' id='word_1_114' title='bbox 814 1280 919 1353; x_wconf 89' lang='lat' dir='ltr'><strong>impen-</strong></span> <span class='ocrx_word' id='word_1_115' title='bbox 967 1296 1001 1337; x_wconf 92' lang='lat' dir='ltr'><strong>eo</strong></span> <span class='ocrx_word' id='word_1_116' title='bbox 1021 1285 1144 1352; x_wconf 87' lang='lat' dir='ltr'><strong>tempore</strong></span> <span class='ocrx_word' id='word_1_117' title='bbox 1164 1293 1219 1351; x_wconf 92' lang='lat' dir='ltr'><strong>quo</strong></span> <span class='ocrx_word' id='word_1_118' title='bbox 1243 1297 1273 1335; x_wconf 84' lang='lat' dir='ltr'><strong>se</strong></span> <span class='ocrx_word' id='word_1_119' title='bbox 1297 1279 1332 1336; x_wconf 89' lang='lat' dir='ltr'><strong>ad</strong></span> <span class='ocrx_word' id='word_1_120' title='bbox 1350 1280 1486 1336; x_wconf 78' lang='lat' dir='ltr'><strong>actionem</strong></span> <span class='ocrx_word' id='word_1_121' title='bbox 1510 1281 1691 1339; x_wconf 62' lang='lat' dir='ltr'><strong>(meminere</strong></span> <span class='ocrx_word' id='word_1_122' title='bbox 1709 1283 1756 1339; x_wconf 89' lang='lat' dir='ltr'><strong>de·</strong></span> 
     </span>
     <span class='ocr_line' id='line_1_12' title="bbox 130 1368 1756 1445; baseline -0.001 -16"><span class='ocrx_word' id='word_1_123' title='bbox 130 1373 229 1445; x_wconf 89' lang='lat' dir='ltr'><strong>dimus,</strong></span> <span class='ocrx_word' id='word_1_124' title='bbox 254 1376 329 1428; x_wconf 86' lang='lat' dir='ltr'><strong>certo</strong></span> <span class='ocrx_word' id='word_1_125' title='bbox 353 1386 460 1445; x_wconf 80' lang='lat' dir='ltr'><strong>semper</strong></span> <span class='ocrx_word' id='word_1_126' title='bbox 484 1370 581 1426; x_wconf 79' lang='lat' dir='ltr'>ordine</span> <span class='ocrx_word' id='word_1_127' title='bbox 605 1374 827 1443; x_wconf 70' lang='lat' dir='ltr'><strong>promoveantur,</strong></span> <span class='ocrx_word' id='word_1_128' title='bbox 850 1368 918 1424; x_wconf 88' lang='lat' dir='ltr'><strong>inei·</strong></span> <span class='ocrx_word' id='word_1_129' title='bbox 968 1368 1042 1440; x_wconf 89' lang='lat' dir='ltr'><strong>buit,</strong></span> <span class='ocrx_word' id='word_1_130' title='bbox 1063 1382 1228 1441; x_wconf 83' lang='lat' dir='ltr'><strong>quanrquam</strong></span> <span class='ocrx_word' id='word_1_131' title='bbox 1242 1368 1316 1424; x_wconf 90' lang='lat' dir='ltr'><strong>idem</strong></span> <span class='ocrx_word' id='word_1_132' title='bbox 1334 1373 1430 1441; x_wconf 84' lang='lat' dir='ltr'><strong>postea</strong></span> <span class='ocrx_word' id='word_1_133' title='bbox 1448 1385 1511 1424; x_wconf 90' lang='lat' dir='ltr'><strong>cum</strong></span> <span class='ocrx_word' id='word_1_134' title='bbox 1525 1369 1584 1425; x_wconf 92' lang='lat' dir='ltr'><strong>otio</strong></span> <span class='ocrx_word' id='word_1_135' title='bbox 1602 1386 1694 1426; x_wconf 73' lang='lat' dir='ltr'><strong>mcum</strong></span> <span class='ocrx_word' id='word_1_136' title='bbox 1713 1389 1756 1428; x_wconf 87' lang='lat' dir='ltr'><strong>re·</strong></span> 
     </span>
     <span class='ocr_line' id='line_1_13' title="bbox 129 1455 1756 1536; baseline -0.001 -18"><span class='ocrx_word' id='word_1_137' title='bbox 129 1462 231 1536; x_wconf 83' lang='lat' dir='ltr'><strong>piendo</strong></span> <span class='ocrx_word' id='word_1_138' title='bbox 256 1460 357 1517; x_wconf 89' lang='lat' dir='ltr'><strong>scilieet</strong></span> <span class='ocrx_word' id='word_1_139' title='bbox 381 1476 399 1515; x_wconf 91' lang='lat' dir='ltr'><strong>a</strong></span> <span class='ocrx_word' id='word_1_140' title='bbox 422 1458 504 1516; x_wconf 83' lang='lat' dir='ltr'><strong>rebus</strong></span> <span class='ocrx_word' id='word_1_141' title='bbox 528 1457 734 1532; x_wconf 75' lang='lat' dir='ltr'><strong>simplicissimis</strong></span> <span class='ocrx_word' id='word_1_142' title='bbox 759 1463 787 1513; x_wconf 87' lang='lat' dir='ltr'><strong>et</strong></span> <span class='ocrx_word' id='word_1_143' title='bbox 808 1457 918 1531; x_wconf 80' lang='lat' dir='ltr'><strong>cogrritn</strong></span> <span class='ocrx_word' id='word_1_144' title='bbox 967 1462 1066 1532; x_wconf 82' lang='lat' dir='ltr'><strong>putam</strong></span> <span class='ocrx_word' id='word_1_145' title='bbox 1084 1472 1114 1514; x_wconf 90' lang='lat' dir='ltr'><strong>ae</strong></span> <span class='ocrx_word' id='word_1_146' title='bbox 1132 1471 1237 1511; x_wconf 87' lang='lat' dir='ltr'><strong>errasse</strong></span> <span class='ocrx_word' id='word_1_147' title='bbox 1251 1455 1372 1528; x_wconf 82' lang='lat' dir='ltr'><strong>judicet,</strong></span> <span class='ocrx_word' id='word_1_148' title='bbox 1391 1456 1448 1512; x_wconf 91' lang='lat' dir='ltr'><strong>imo</strong></span> <span class='ocrx_word' id='word_1_149' title='bbox 1467 1458 1492 1512; x_wconf 90' lang='lat' dir='ltr'><strong>si</strong></span> <span class='ocrx_word' id='word_1_150' title='bbox 1510 1475 1554 1514; x_wconf 89' lang='lat' dir='ltr'><strong>res</strong></span> <span class='ocrx_word' id='word_1_151' title='bbox 1572 1459 1679 1515; x_wconf 87' lang='lat' dir='ltr'><strong>telioem</strong></span> <span class='ocrx_word' id='word_1_152' title='bbox 1697 1475 1756 1516; x_wconf 89' lang='lat' dir='ltr'><strong>non</strong></span> 
     </span>
     <span class='ocr_line' id='line_1_14' title="bbox 129 1545 1756 1624; baseline -0.002 -18"><span class='ocrx_word' id='word_1_153' title='bbox 129 1550 279 1624; x_wconf 83' lang='lat' dir='ltr'><strong>facillimis,</strong></span> <span class='ocrx_word' id='word_1_154' title='bbox 304 1552 336 1604; x_wconf 89' lang='lat' dir='ltr'><strong>ut</strong></span> <span class='ocrx_word' id='word_1_155' title='bbox 349 1547 389 1604; x_wconf 90' lang='lat' dir='ltr'><strong>sie</strong></span> <span class='ocrx_word' id='word_1_156' title='bbox 401 1547 543 1621; x_wconf 87' lang='lat' dir='ltr'><strong>paulatim,</strong></span> <span class='ocrx_word' id='word_1_157' title='bbox 563 1552 592 1604; x_wconf 88' lang='lat' dir='ltr'><strong>et</strong></span> <span class='ocrx_word' id='word_1_158' title='bbox 606 1547 684 1618; x_wconf 73' lang='lat' dir='ltr'><strong>quasi</strong></span> <span class='ocrx_word' id='word_1_159' title='bbox 697 1562 746 1620; x_wconf 86' lang='lat' dir='ltr'><strong>per</strong></span> <span class='ocrx_word' id='word_1_160' title='bbox 759 1547 868 1618; x_wconf 79' lang='lat' dir='ltr'><strong>gradus,</strong></span> <span class='ocrx_word' id='word_1_161' title='bbox 882 1546 918 1601; x_wconf 90' lang='lat' dir='ltr'><strong>ad</strong></span> <span class='ocrx_word' id='word_1_162' title='bbox 967 1545 1098 1602; x_wconf 89' lang='lat' dir='ltr'><strong>sortiatur</strong></span> <span class='ocrx_word' id='word_1_163' title='bbox 1128 1561 1288 1601; x_wconf 81' lang='lat' dir='ltr'><strong>sucoasarm.</strong></span> <span class='ocrx_word' id='word_1_164' title='bbox 1326 1545 1488 1601; x_wconf 82' lang='lat' dir='ltr'><strong>Nostramm</strong></span> <span class='ocrx_word' id='word_1_165' title='bbox 1512 1547 1586 1602; x_wconf 88' lang='lat' dir='ltr'><strong>enim</strong></span> <span class='ocrx_word' id='word_1_166' title='bbox 1620 1547 1756 1604; x_wconf 84' lang='lat' dir='ltr'><strong>duntaxat</strong></span> 
     </span>
     <span class='ocr_line' id='line_1_15' title="bbox 129 1633 1755 1710; baseline -0.003 -16"><span class='ocrx_word' id='word_1_167' title='bbox 129 1637 313 1695; x_wconf 76' lang='lat' dir='ltr'><strong>diffinliorum</strong></span> <span class='ocrx_word' id='word_1_168' title='bbox 337 1641 367 1693; x_wconf 91' lang='lat' dir='ltr'><strong>et</strong></span> <span class='ocrx_word' id='word_1_169' title='bbox 390 1636 478 1710; x_wconf 86' lang='lat' dir='ltr'><strong>magis</strong></span> <span class='ocrx_word' id='word_1_170' title='bbox 500 1634 714 1710; x_wconf 87' lang='lat' dir='ltr'><strong>compositormn</strong></span> <span class='ocrx_word' id='word_1_171' title='bbox 734 1636 919 1707; x_wconf 85' lang='lat' dir='ltr'><strong>cognitionem</strong></span> <span class='ocrx_word' id='word_1_172' title='bbox 967 1633 1164 1708; x_wconf 81' lang='lat' dir='ltr'><strong>cogitationum</strong></span> <span class='ocrx_word' id='word_1_173' title='bbox 1189 1633 1230 1690; x_wconf 90' lang='lat' dir='ltr'><strong>rei</strong></span> <span class='ocrx_word' id='word_1_174' title='bbox 1254 1634 1347 1707; x_wconf 82' lang='lat' dir='ltr'><strong>peragi</strong></span> <span class='ocrx_word' id='word_1_175' title='bbox 1372 1650 1528 1708; x_wconf 64' lang='lat' dir='ltr'><strong>mulus,</strong></span> <span class='ocrx_word' id='word_1_176' title='bbox 1558 1650 1647 1708; x_wconf 90' lang='lat' dir='ltr'><strong>neque</strong></span> <span class='ocrx_word' id='word_1_177' title='bbox 1671 1653 1755 1710; x_wconf 70' lang='lat' dir='ltr'><strong>pietro</strong></span> 
     </span>
     <span class='ocr_line' id='line_1_16' title="bbox 128 1722 1756 1797; baseline -0.001 -14"><span class='ocrx_word' id='word_1_178' title='bbox 128 1727 313 1784; x_wconf 75' lang='lat' dir='ltr'><strong>emendamus.</strong></span> <span class='ocrx_word' id='word_1_179' title='bbox 968 1728 1066 1780; x_wconf 90' lang='lat' dir='ltr'><strong>natura</strong></span> <span class='ocrx_word' id='word_1_180' title='bbox 1085 1722 1205 1779; x_wconf 89' lang='lat' dir='ltr'><strong>bominis</strong></span> <span class='ocrx_word' id='word_1_181' title='bbox 1223 1737 1257 1777; x_wconf 87' lang='lat' dir='ltr'><strong>ea</strong></span> <span class='ocrx_word' id='word_1_182' title='bbox 1277 1727 1332 1796; x_wconf 78' lang='lat' dir='ltr'><strong>est,</strong></span> <span class='ocrx_word' id='word_1_183' title='bbox 1358 1728 1390 1778; x_wconf 90' lang='lat' dir='ltr'><strong>ut</strong></span> <span class='ocrx_word' id='word_1_184' title='bbox 1408 1723 1503 1778; x_wconf 89' lang='lat' dir='ltr'><strong>omnia</strong></span> <span class='ocrx_word' id='word_1_185' title='bbox 1516 1724 1593 1797; x_wconf 86' lang='lat' dir='ltr'><strong>sciat,</strong></span> <span class='ocrx_word' id='word_1_186' title='bbox 1613 1730 1756 1797; x_wconf 69' lang='lat' dir='ltr'><strong>praeterm</strong></span> 
     </span>
     <span class='ocr_line' id='line_1_17' title="bbox 134 1810 1755 1886; baseline 0 -16"><span class='ocrx_word' id='word_1_187' title='bbox 134 1836 137 1840; x_wconf 94' lang='lat'>·</span> <span class='ocrx_word' id='word_1_188' title='bbox 175 1816 203 1870; x_wconf 78' lang='lat'><strong>5.</strong></span> <span class='ocrx_word' id='word_1_189' title='bbox 219 1815 301 1872; x_wconf 90' lang='lat' dir='ltr'><strong>Utin</strong></span> <span class='ocrx_word' id='word_1_190' title='bbox 315 1813 434 1886; x_wconf 85' lang='lat' dir='ltr'><strong>aliquem</strong></span> <span class='ocrx_word' id='word_1_191' title='bbox 447 1812 532 1869; x_wconf 85' lang='lat' dir='ltr'><strong>etiam</strong></span> <span class='ocrx_word' id='word_1_192' title='bbox 542 1810 667 1867; x_wconf 90' lang='lat' dir='ltr'><strong>ordinem</strong></span> <span class='ocrx_word' id='word_1_193' title='bbox 677 1815 769 1867; x_wconf 90' lang='lat' dir='ltr'><strong>mente</strong></span> <span class='ocrx_word' id='word_1_194' title='bbox 782 1825 816 1866; x_wconf 93' lang='lat' dir='ltr'><strong>ea</strong></span> <span class='ocrx_word' id='word_1_195' title='bbox 827 1811 918 1884; x_wconf 85' lang='lat' dir='ltr'><strong>dispo·</strong></span> <span class='ocrx_word' id='word_1_196' title='bbox 968 1813 1053 1869; x_wconf 89' lang='lat' dir='ltr'><strong>etiam</strong></span> <span class='ocrx_word' id='word_1_197' title='bbox 1067 1810 1173 1885; x_wconf 88' lang='lat' dir='ltr'><strong>optima</strong></span> <span class='ocrx_word' id='word_1_198' title='bbox 1190 1810 1305 1867; x_wconf 80' lang='lat' dir='ltr'><strong>oonsilio</strong></span> <span class='ocrx_word' id='word_1_199' title='bbox 1317 1826 1375 1866; x_wconf 93' lang='lat' dir='ltr'><strong>non</strong></span> <span class='ocrx_word' id='word_1_200' title='bbox 1394 1828 1501 1886; x_wconf 86' lang='lat' dir='ltr'><strong>semper</strong></span> <span class='ocrx_word' id='word_1_201' title='bbox 1514 1812 1670 1869; x_wconf 71' lang='lat' dir='ltr'><strong>telesam</strong></span> <span class='ocrx_word' id='word_1_202' title='bbox 1682 1821 1755 1870; x_wconf 81' lang='lat' dir='ltr'><strong>suut</strong></span> 
     </span>
    </p>
   </div>
   <div class='ocr_carea' id='block_1_3' title="bbox 5 1897 1756 1981">
    <p class='ocr_par' dir='ltr' id='par_1_3' title="bbox 5 1897 1756 1981">
     <span class='ocr_line' id='line_1_18' title="bbox 5 1897 1756 1981; baseline -0.004 -18"><span class='ocrx_word' id='word_1_203' title='bbox 5 1962 13 1981; x_wconf 44' lang='lat'><em>0</em></span> <span class='ocrx_word' id='word_1_204' title='bbox 128 1919 235 1976; x_wconf 86' lang='lat' dir='ltr'><strong>namus,</strong></span> <span class='ocrx_word' id='word_1_205' title='bbox 255 1918 326 1976; x_wconf 89' lang='lat' dir='ltr'><strong>quae</strong></span> <span class='ocrx_word' id='word_1_206' title='bbox 350 1919 379 1958; x_wconf 91' lang='lat' dir='ltr'><strong>se</strong></span> <span class='ocrx_word' id='word_1_207' title='bbox 400 1906 496 1958; x_wconf 89' lang='lat' dir='ltr'><strong>mutuo</strong></span> <span class='ocrx_word' id='word_1_208' title='bbox 520 1917 558 1957; x_wconf 79' lang='lat' dir='ltr'><strong>ex</strong></span> <span class='ocrx_word' id='word_1_209' title='bbox 578 1903 676 1956; x_wconf 86' lang='lat' dir='ltr'><strong>natura</strong></span> <span class='ocrx_word' id='word_1_210' title='bbox 700 1916 750 1955; x_wconf 77' lang='lat' dir='ltr'><strong>sara</strong></span> <span class='ocrx_word' id='word_1_211' title='bbox 768 1914 826 1955; x_wconf 90' lang='lat' dir='ltr'><strong>non</strong></span> <span class='ocrx_word' id='word_1_212' title='bbox 840 1914 918 1974; x_wconf 85' lang='lat' dir='ltr'><strong>prae·</strong></span> <span class='ocrx_word' id='word_1_213' title='bbox 1013 1900 1042 1955; x_wconf 80' lang='lat'><strong>3.</strong></span> <span class='ocrx_word' id='word_1_214' title='bbox 1063 1897 1103 1955; x_wconf 83' lang='lat' dir='ltr'><strong>Ut&#39;</strong></span> <span class='ocrx_word' id='word_1_215' title='bbox 1116 1899 1301 1956; x_wconf 71' lang='lat' dir='ltr'><strong>abstineamus</strong></span> <span class='ocrx_word' id='word_1_216' title='bbox 1313 1898 1447 1967; x_wconf 79' lang='lat' dir='ltr'><strong>ajudioio</strong></span> <span class='ocrx_word' id='word_1_217' title='bbox 1462 1901 1573 1957; x_wconf 74' lang='lat' dir='ltr'><strong>leardo</strong></span> <span class='ocrx_word' id='word_1_218' title='bbox 1587 1903 1622 1958; x_wconf 88' lang='lat' dir='ltr'><strong>de</strong></span> <span class='ocrx_word' id='word_1_219' title='bbox 1635 1917 1756 1974; x_wconf 76' lang='lat' dir='ltr'><strong>quacun</strong></span> 
     </span>
    </p>
   </div>
   <div class='ocr_carea' id='block_1_4' title="bbox 101 1988 1756 4810">
    <p class='ocr_par' dir='ltr' id='par_1_4' title="bbox 101 1988 1756 4810">
     <span class='ocr_line' id='line_1_19' title="bbox 130 1988 1756 2063; baseline -0.001 -14"><span class='ocrx_word' id='word_1_220' title='bbox 130 1993 238 2050; x_wconf 75' lang='lat' dir='ltr'><strong>eertum.</strong></span> <span class='ocrx_word' id='word_1_221' title='bbox 967 2003 1021 2061; x_wconf 88' lang='lat' dir='ltr'><strong>que</strong></span> <span class='ocrx_word' id='word_1_222' title='bbox 1035 2003 1149 2060; x_wconf 88' lang='lat' dir='ltr'><strong>requae</strong></span> <span class='ocrx_word' id='word_1_223' title='bbox 1162 1988 1243 2044; x_wconf 85' lang='lat' dir='ltr'><strong>nobis</strong></span> <span class='ocrx_word' id='word_1_224' title='bbox 1261 1988 1417 2060; x_wconf 84' lang='lat' dir='ltr'><strong>exhibetur,</strong></span> <span class='ocrx_word' id='word_1_225' title='bbox 1434 1989 1565 2060; x_wconf 86' lang='lat' dir='ltr'><strong>quamdiu</strong></span> <span class='ocrx_word' id='word_1_226' title='bbox 1583 1990 1756 2063; x_wconf 76' lang='lat' dir='ltr'><strong>paasimuibus</strong></span> 
     </span>
     <span class='ocr_line' id='line_1_20' title="bbox 134 2074 1752 2151; baseline -0.001 -15"><span class='ocrx_word' id='word_1_227' title='bbox 134 2098 138 2105; x_wconf 89' lang='lat'><em>·</em></span> <span class='ocrx_word' id='word_1_228' title='bbox 174 2081 203 2136; x_wconf 86' lang='grc'><strong>6.</strong></span> <span class='ocrx_word' id='word_1_229' title='bbox 225 2080 264 2137; x_wconf 87' lang='lat' dir='ltr'><strong>Ut</strong></span> <span class='ocrx_word' id='word_1_230' title='bbox 278 2083 338 2135; x_wconf 88' lang='lat' dir='ltr'><strong>tum</strong></span> <span class='ocrx_word' id='word_1_231' title='bbox 351 2078 382 2134; x_wconf 90' lang='lat' dir='ltr'><strong>in</strong></span> <span class='ocrx_word' id='word_1_232' title='bbox 395 2074 672 2151; x_wconf 70' lang='lat' dir='ltr'><strong>querendismediis,</strong></span> <span class='ocrx_word' id='word_1_233' title='bbox 687 2080 746 2131; x_wconf 84' lang='lat' dir='ltr'><strong>tum</strong></span> <span class='ocrx_word' id='word_1_234' title='bbox 759 2075 789 2132; x_wconf 90' lang='lat' dir='ltr'><strong>in</strong></span> <span class='ocrx_word' id='word_1_235' title='bbox 803 2076 918 2132; x_wconf 72' lang='lat' dir='ltr'><strong>‹dificul-</strong></span> <span class='ocrx_word' id='word_1_236' title='bbox 968 2083 996 2133; x_wconf 87' lang='lat' dir='ltr'><strong>et</strong></span> <span class='ocrx_word' id='word_1_237' title='bbox 1010 2077 1132 2133; x_wconf 75' lang='lat' dir='ltr'><strong>martinae</strong></span> <span class='ocrx_word' id='word_1_238' title='bbox 1144 2075 1340 2150; x_wconf 55' lang='lat' dir='ltr'><strong>mammenus,</strong></span> <span class='ocrx_word' id='word_1_239' title='bbox 1356 2077 1401 2132; x_wconf 87' lang='lat' dir='ltr'><strong>vel</strong></span> <span class='ocrx_word' id='word_1_240' title='bbox 1413 2077 1438 2132; x_wconf 90' lang='lat' dir='ltr'><strong>si</strong></span> <span class='ocrx_word' id='word_1_241' title='bbox 1452 2078 1503 2134; x_wconf 88' lang='lat' dir='ltr'><strong>hoe</strong></span> <span class='ocrx_word' id='word_1_242' title='bbox 1516 2094 1574 2134; x_wconf 93' lang='lat' dir='ltr'><strong>non</strong></span> <span class='ocrx_word' id='word_1_243' title='bbox 1587 2079 1752 2151; x_wconf 83' lang='lat' dir='ltr'><strong>lieripossit,</strong></span> 
     </span>
     <span class='ocr_line' id='line_1_21' title="bbox 129 2164 1755 2242; baseline -0.001 -17"><span class='ocrx_word' id='word_1_244' title='bbox 129 2173 218 2225; x_wconf 90' lang='lat' dir='ltr'><strong>tatum</strong></span> <span class='ocrx_word' id='word_1_245' title='bbox 242 2167 366 2242; x_wconf 85' lang='lat' dir='ltr'><strong>partibus</strong></span> <span class='ocrx_word' id='word_1_246' title='bbox 389 2165 574 2240; x_wconf 86' lang='lat' dir='ltr'><strong>percurrendis</strong></span> <span class='ocrx_word' id='word_1_247' title='bbox 594 2169 652 2221; x_wconf 87' lang='lat' dir='ltr'><strong>tam</strong></span> <span class='ocrx_word' id='word_1_248' title='bbox 669 2167 787 2238; x_wconf 80' lang='lat' dir='ltr'><strong>perfecte</strong></span> <span class='ocrx_word' id='word_1_249' title='bbox 810 2165 917 2239; x_wconf 90' lang='lat' dir='ltr'><strong>singula</strong></span> <span class='ocrx_word' id='word_1_250' title='bbox 968 2169 1002 2222; x_wconf 90' lang='lat' dir='ltr'><strong>ut</strong></span> <span class='ocrx_word' id='word_1_251' title='bbox 1022 2179 1168 2238; x_wconf 86' lang='lat' dir='ltr'><strong>sequamur</strong></span> <span class='ocrx_word' id='word_1_252' title='bbox 1183 2164 1305 2222; x_wconf 87' lang='lat' dir='ltr'><strong>rationes</strong></span> <span class='ocrx_word' id='word_1_253' title='bbox 1327 2166 1479 2222; x_wconf 74' lang='lat' dir='ltr'><strong>contrarias</strong></span> <span class='ocrx_word' id='word_1_254' title='bbox 1498 2167 1560 2238; x_wconf 89' lang='lat' dir='ltr'><strong>illis,</strong></span> <span class='ocrx_word' id='word_1_255' title='bbox 1575 2181 1643 2239; x_wconf 73' lang='lat' dir='ltr'><strong>quas</strong></span> <span class='ocrx_word' id='word_1_256' title='bbox 1663 2168 1755 2240; x_wconf 84' lang='lat' dir='ltr'><strong>passio</strong></span> 
     </span>
     <span class='ocr_line' id='line_1_22' title="bbox 128 2252 1755 2329; baseline -0.002 -15"><span class='ocrx_word' id='word_1_257' title='bbox 128 2272 327 2329; x_wconf 86' lang='lat' dir='ltr'><strong>enumeremus,</strong></span> <span class='ocrx_word' id='word_1_258' title='bbox 342 2259 371 2312; x_wconf 90' lang='lat' dir='ltr'><strong>et</strong></span> <span class='ocrx_word' id='word_1_259' title='bbox 384 2254 533 2311; x_wconf 85' lang='lat' dir='ltr'><strong>adomnia</strong></span> <span class='ocrx_word' id='word_1_260' title='bbox 552 2252 808 2327; x_wconf 73' lang='lat' dir='ltr'><strong>circumspiciamus,</strong></span> <span class='ocrx_word' id='word_1_261' title='bbox 829 2260 861 2310; x_wconf 88' lang='lat' dir='ltr'><strong>ut</strong></span> <span class='ocrx_word' id='word_1_262' title='bbox 874 2254 917 2310; x_wconf 91' lang='lat' dir='ltr'><strong>ni·</strong></span> <span class='ocrx_word' id='word_1_263' title='bbox 967 2254 1098 2327; x_wconf 76' lang='lat' dir='ltr'><strong>suggerit,</strong></span> <span class='ocrx_word' id='word_1_264' title='bbox 1119 2254 1171 2310; x_wconf 86' lang='lat' dir='ltr'><strong>etsi</strong></span> <span class='ocrx_word' id='word_1_265' title='bbox 1190 2253 1280 2309; x_wconf 88' lang='lat' dir='ltr'><strong>minus</strong></span> <span class='ocrx_word' id='word_1_266' title='bbox 1299 2253 1408 2309; x_wconf 88' lang='lat' dir='ltr'><strong>validae</strong></span> <span class='ocrx_word' id='word_1_267' title='bbox 1426 2258 1583 2327; x_wconf 82' lang='lat' dir='ltr'><strong>appareant.</strong></span> <span class='ocrx_word' id='word_1_268' title='bbox 1616 2256 1755 2320; x_wconf 75' lang='lat' dir='ltr'><strong>Quonim</strong></span> 
     </span>
     <span class='ocr_line' id='line_1_23' title="bbox 129 2342 1756 2416; baseline -0.002 -12"><span class='ocrx_word' id='word_1_269' title='bbox 129 2346 168 2404; x_wconf 86' lang='lat' dir='ltr'><strong>bil</strong></span> <span class='ocrx_word' id='word_1_270' title='bbox 182 2345 291 2402; x_wconf 87' lang='lat' dir='ltr'><strong>anobis</strong></span> <span class='ocrx_word' id='word_1_271' title='bbox 302 2343 394 2401; x_wconf 88' lang='lat' dir='ltr'><strong>omitti</strong></span> <span class='ocrx_word' id='word_1_272' title='bbox 408 2344 475 2400; x_wconf 89' lang='lat' dir='ltr'><strong>oerti</strong></span> <span class='ocrx_word' id='word_1_273' title='bbox 488 2342 581 2399; x_wconf 88' lang='lat' dir='ltr'><strong>simus.</strong></span> <span class='ocrx_word' id='word_1_274' title='bbox 967 2344 1079 2399; x_wconf 75' lang='lat' dir='ltr'><strong>anonas</strong></span> <span class='ocrx_word' id='word_1_275' title='bbox 1095 2344 1177 2414; x_wconf 86' lang='lat' dir='ltr'><strong>bona,</strong></span> <span class='ocrx_word' id='word_1_276' title='bbox 1195 2357 1265 2415; x_wconf 88' lang='lat' dir='ltr'><strong>quae</strong></span> <span class='ocrx_word' id='word_1_277' title='bbox 1280 2342 1361 2398; x_wconf 90' lang='lat' dir='ltr'><strong>nobis</strong></span> <span class='ocrx_word' id='word_1_278' title='bbox 1374 2343 1503 2415; x_wconf 80' lang='lat' dir='ltr'><strong>olfenmt,</strong></span> <span class='ocrx_word' id='word_1_279' title='bbox 1522 2359 1629 2416; x_wconf 79' lang='lat' dir='ltr'><strong>seniper</strong></span> <span class='ocrx_word' id='word_1_280' title='bbox 1647 2343 1756 2413; x_wconf 68' lang='lat' dir='ltr'><strong>mnjora</strong></span> 
     </span>
     <span class='ocr_line' id='line_1_24' title="bbox 171 2431 1755 2504; baseline -0.002 -14"><span class='ocrx_word' id='word_1_281' title='bbox 171 2435 241 2491; x_wconf 82' lang='lat' dir='ltr'><strong>Cum</strong></span> <span class='ocrx_word' id='word_1_282' title='bbox 254 2437 347 2490; x_wconf 88' lang='lat' dir='ltr'><strong>autem</strong></span> <span class='ocrx_word' id='word_1_283' title='bbox 360 2438 424 2488; x_wconf 78' lang='lat' dir='ltr'><strong>imus</strong></span> <span class='ocrx_word' id='word_1_284' title='bbox 438 2431 534 2488; x_wconf 87' lang='lat' dir='ltr'><strong>harum</strong></span> <span class='ocrx_word' id='word_1_285' title='bbox 549 2431 770 2488; x_wconf 85' lang='lat' dir='ltr'><strong>observationmn</strong></span> <span class='ocrx_word' id='word_1_286' title='bbox 787 2431 824 2487; x_wconf 90' lang='lat' dir='ltr'><strong>ab</strong></span> <span class='ocrx_word' id='word_1_287' title='bbox 837 2447 917 2488; x_wconf 85' lang='lat' dir='ltr'><strong>exer·</strong></span> <span class='ocrx_word' id='word_1_288' title='bbox 966 2435 1177 2504; x_wconf 85' lang='lat' dir='ltr'><strong>repraesentant,</strong></span> <span class='ocrx_word' id='word_1_289' title='bbox 1197 2445 1267 2503; x_wconf 84' lang='lat' dir='ltr'><strong>quae</strong></span> <span class='ocrx_word' id='word_1_290' title='bbox 1280 2435 1376 2502; x_wconf 85' lang='lat' dir='ltr'><strong>postea</strong></span> <span class='ocrx_word' id='word_1_291' title='bbox 1388 2446 1406 2486; x_wconf 89' lang='lat' dir='ltr'><strong>a</strong></span> <span class='ocrx_word' id='word_1_292' title='bbox 1426 2431 1506 2487; x_wconf 92' lang='lat' dir='ltr'><strong>nobis</strong></span> <span class='ocrx_word' id='word_1_293' title='bbox 1522 2448 1571 2504; x_wconf 90' lang='lat' dir='ltr'><strong>spe</strong></span> <span class='ocrx_word' id='word_1_294' title='bbox 1584 2432 1692 2488; x_wconf 82' lang='lat' dir='ltr'><strong>minora</strong></span> <span class='ocrx_word' id='word_1_295' title='bbox 1706 2433 1755 2487; x_wconf 88' lang='lat' dir='ltr'><strong>de-</strong></span> 
     </span>
     <span class='ocr_line' id='line_1_25' title="bbox 128 2519 1754 2595; baseline -0.002 -16"><span class='ocrx_word' id='word_1_296' title='bbox 128 2524 259 2579; x_wconf 87' lang='lat' dir='ltr'><strong>citatione</strong></span> <span class='ocrx_word' id='word_1_297' title='bbox 268 2522 390 2578; x_wconf 84' lang='lat' dir='ltr'><strong>maxime</strong></span> <span class='ocrx_word' id='word_1_298' title='bbox 399 2521 525 2595; x_wconf 85' lang='lat' dir='ltr'><strong>pamleat,</strong></span> <span class='ocrx_word' id='word_1_299' title='bbox 536 2521 690 2576; x_wconf 79' lang='lat' dir='ltr'><strong>consultum</strong></span> <span class='ocrx_word' id='word_1_300' title='bbox 704 2524 755 2592; x_wconf 87' lang='lat' dir='ltr'><strong>est,</strong></span> <span class='ocrx_word' id='word_1_301' title='bbox 770 2523 802 2575; x_wconf 92' lang='lat' dir='ltr'><strong>ut</strong></span> <span class='ocrx_word' id='word_1_302' title='bbox 817 2521 853 2576; x_wconf 91' lang='lat' dir='ltr'><strong>ad</strong></span> <span class='ocrx_word' id='word_1_303' title='bbox 866 2520 916 2575; x_wconf 89' lang='lat' dir='ltr'><strong>has</strong></span> <span class='ocrx_word' id='word_1_304' title='bbox 966 2519 1096 2592; x_wconf 69' lang='lat' dir='ltr'><strong>moliendi</strong></span> <span class='ocrx_word' id='word_1_305' title='bbox 1109 2519 1208 2575; x_wconf 87' lang='lat' dir='ltr'><strong>solent.</strong></span> <span class='ocrx_word' id='word_1_306' title='bbox 1230 2520 1299 2574; x_wconf 79' lang='grc' dir='ltr'><strong>Οιιιιι</strong></span> <span class='ocrx_word' id='word_1_307' title='bbox 1318 2519 1402 2592; x_wconf 81' lang='lat' dir='ltr'><strong>igitur</strong></span> <span class='ocrx_word' id='word_1_308' title='bbox 1419 2520 1523 2576; x_wconf 89' lang='lat' dir='ltr'><strong>nullam</strong></span> <span class='ocrx_word' id='word_1_309' title='bbox 1541 2521 1659 2594; x_wconf 87' lang='lat' dir='ltr'><strong>amplius</strong></span> <span class='ocrx_word' id='word_1_310' title='bbox 1671 2521 1754 2576; x_wconf 85' lang='lat' dir='ltr'><strong>iidem</strong></span> 
     </span>
     <span class='ocr_line' id='line_1_26' title="bbox 128 2607 1755 2684; baseline -0.001 -17"><span class='ocrx_word' id='word_1_311' title='bbox 128 2610 235 2684; x_wconf 88' lang='lat' dir='ltr'><strong>regulas</strong></span> <span class='ocrx_word' id='word_1_312' title='bbox 259 2611 290 2665; x_wconf 92' lang='lat' dir='ltr'><strong>in</strong></span> <span class='ocrx_word' id='word_1_313' title='bbox 314 2626 394 2666; x_wconf 78' lang='lat' dir='ltr'><strong>mum</strong></span> <span class='ocrx_word' id='word_1_314' title='bbox 417 2610 573 2666; x_wconf 77' lang='lat' dir='ltr'><strong>referendas</strong></span> <span class='ocrx_word' id='word_1_315' title='bbox 597 2609 644 2664; x_wconf 76' lang='lat' dir='ltr'><strong>(liu</strong></span> <span class='ocrx_word' id='word_1_316' title='bbox 663 2625 714 2663; x_wconf 90' lang='lat' dir='ltr'><strong>nos</strong></span> <span class='ocrx_word' id='word_1_317' title='bbox 740 2608 769 2663; x_wconf 91' lang='lat' dir='ltr'><strong>iu</strong></span> <span class='ocrx_word' id='word_1_318' title='bbox 790 2608 914 2663; x_wconf 75' lang='lat' dir='ltr'><strong>facilibus</strong></span> <span class='ocrx_word' id='word_1_319' title='bbox 965 2607 1113 2663; x_wconf 85' lang='lat' dir='ltr'><strong>habeamus</strong></span> <span class='ocrx_word' id='word_1_320' title='bbox 1133 2607 1168 2679; x_wconf 81' lang='lat' dir='ltr'><strong>ei,</strong></span> <span class='ocrx_word' id='word_1_321' title='bbox 1183 2621 1270 2679; x_wconf 90' lang='lat' dir='ltr'><strong>aquo</strong></span> <span class='ocrx_word' id='word_1_322' title='bbox 1286 2607 1429 2679; x_wconf 76' lang='lat' dir='ltr'><strong>aliquoties</strong></span> <span class='ocrx_word' id='word_1_323' title='bbox 1443 2608 1548 2682; x_wconf 88' lang='lat' dir='ltr'><strong>deeepti</strong></span> <span class='ocrx_word' id='word_1_324' title='bbox 1569 2609 1678 2682; x_wconf 85' lang='lat' dir='ltr'><strong>fuimus,</strong></span> <span class='ocrx_word' id='word_1_325' title='bbox 1691 2610 1755 2665; x_wconf 81' lang='lat' dir='ltr'><strong>beet</strong></span> 
     </span>
     <span class='ocr_line' id='line_1_27' title="bbox 129 2694 1755 2774; baseline -0.002 -18"><span class='ocrx_word' id='word_1_326' title='bbox 129 2698 348 2774; x_wconf 89' lang='lat' dir='ltr'><strong>simplicibusque</strong></span> <span class='ocrx_word' id='word_1_327' title='bbox 366 2698 578 2771; x_wconf 79' lang='lat' dir='ltr'><strong>quaestionibus,</strong></span> <span class='ocrx_word' id='word_1_328' title='bbox 597 2696 748 2766; x_wconf 66' lang='lat' dir='ltr'><strong>eujusmodi</strong></span> <span class='ocrx_word' id='word_1_329' title='bbox 773 2701 837 2752; x_wconf 92' lang='lat' dir='ltr'><strong>sunt</strong></span> <span class='ocrx_word' id='word_1_330' title='bbox 858 2712 916 2751; x_wconf 89' lang='lat' dir='ltr'><strong>ma-</strong></span> <span class='ocrx_word' id='word_1_331' title='bbox 965 2711 1048 2768; x_wconf 91' lang='lat' dir='ltr'><strong>quam</strong></span> <span class='ocrx_word' id='word_1_332' title='bbox 1063 2694 1240 2752; x_wconf 88' lang='lat' dir='ltr'><strong>blandissime</strong></span> <span class='ocrx_word' id='word_1_333' title='bbox 1257 2695 1400 2751; x_wconf 88' lang='lat' dir='ltr'><strong>nobiseum</strong></span> <span class='ocrx_word' id='word_1_334' title='bbox 1418 2701 1495 2769; x_wconf 86' lang='lat' dir='ltr'><strong>agat,</strong></span> <span class='ocrx_word' id='word_1_335' title='bbox 1516 2697 1555 2753; x_wconf 90' lang='lat' dir='ltr'><strong>sie</strong></span> <span class='ocrx_word' id='word_1_336' title='bbox 1573 2697 1650 2754; x_wconf 92' lang='lat' dir='ltr'><strong>nulla</strong></span> <span class='ocrx_word' id='word_1_337' title='bbox 1668 2698 1755 2754; x_wconf 89' lang='lat' dir='ltr'><strong>tutior</strong></span> 
     </span>
     <span class='ocr_line' id='line_1_28' title="bbox 129 2784 1755 2859; baseline -0.001 -15"><span class='ocrx_word' id='word_1_338' title='bbox 129 2788 303 2859; x_wconf 70' lang='lat' dir='ltr'><strong>theumieae,</strong></span> <span class='ocrx_word' id='word_1_339' title='bbox 332 2803 518 2858; x_wconf 87' lang='lat' dir='ltr'><strong>exeroeamus,</strong></span> <span class='ocrx_word' id='word_1_340' title='bbox 544 2784 588 2841; x_wconf 91' lang='lat' dir='ltr'><strong>cui</strong></span> <span class='ocrx_word' id='word_1_341' title='bbox 613 2786 661 2840; x_wconf 86' lang='lat' dir='ltr'><strong>fini</strong></span> <span class='ocrx_word' id='word_1_342' title='bbox 695 2785 771 2840; x_wconf 89' lang='lat' dir='ltr'><strong>utilis</strong></span> <span class='ocrx_word' id='word_1_343' title='bbox 793 2785 915 2858; x_wconf 86' lang='lat' dir='ltr'><strong>Algebra</strong></span> <span class='ocrx_word' id='word_1_344' title='bbox 964 2789 1060 2839; x_wconf 77' lang='lat' dir='ltr'><strong>oontm</strong></span> <span class='ocrx_word' id='word_1_345' title='bbox 1079 2785 1190 2840; x_wconf 82' lang='lat' dir='ltr'><strong>allectus</strong></span> <span class='ocrx_word' id='word_1_346' title='bbox 1210 2784 1314 2856; x_wconf 87' lang='lat' dir='ltr'><strong>eautio,</strong></span> <span class='ocrx_word' id='word_1_347' title='bbox 1335 2800 1418 2856; x_wconf 86' lang='lat' dir='ltr'><strong>quam</strong></span> <span class='ocrx_word' id='word_1_348' title='bbox 1443 2790 1487 2858; x_wconf 88' lang='lat' dir='ltr'><strong>ut,</strong></span> <span class='ocrx_word' id='word_1_349' title='bbox 1512 2786 1561 2842; x_wconf 92' lang='lat' dir='ltr'><strong>ubi</strong></span> <span class='ocrx_word' id='word_1_350' title='bbox 1585 2786 1701 2842; x_wconf 89' lang='lat' dir='ltr'><strong>sentitur</strong></span> <span class='ocrx_word' id='word_1_351' title='bbox 1721 2803 1755 2842; x_wconf 91' lang='lat' dir='ltr'><strong>ea</strong></span> 
     </span>
     <span class='ocr_line' id='line_1_29' title="bbox 128 2872 1754 2949; baseline -0.002 -15"><span class='ocrx_word' id='word_1_352' title='bbox 128 2881 180 2934; x_wconf 82' lang='lat' dir='ltr'><strong>est.</strong></span> <span class='ocrx_word' id='word_1_353' title='bbox 213 2876 251 2932; x_wconf 76' lang='lat' dir='ltr'><strong>lit</strong></span> <span class='ocrx_word' id='word_1_354' title='bbox 267 2880 413 2949; x_wconf 89' lang='lat' dir='ltr'><strong>postquam</strong></span> <span class='ocrx_word' id='word_1_355' title='bbox 432 2875 461 2931; x_wconf 93' lang='lat' dir='ltr'><strong>in</strong></span> <span class='ocrx_word' id='word_1_356' title='bbox 480 2874 594 2930; x_wconf 81' lang='lat' dir='ltr'><strong>veritate</strong></span> <span class='ocrx_word' id='word_1_357' title='bbox 612 2875 708 2930; x_wconf 79' lang='lat' dir='ltr'><strong>travam</strong></span> <span class='ocrx_word' id='word_1_358' title='bbox 726 2873 915 2945; x_wconf 86' lang='lat' dir='ltr'><strong>quaestionum</strong></span> <span class='ocrx_word' id='word_1_359' title='bbox 964 2872 1105 2945; x_wconf 84' lang='lat' dir='ltr'><strong>sanguinis</strong></span> <span class='ocrx_word' id='word_1_360' title='bbox 1114 2873 1272 2944; x_wconf 89' lang='lat' dir='ltr'><strong>eommotio,</strong></span> <span class='ocrx_word' id='word_1_361' title='bbox 1282 2874 1453 2946; x_wconf 83' lang='lat' dir='ltr'><strong>praemoneri</strong></span> <span class='ocrx_word' id='word_1_362' title='bbox 1463 2890 1495 2929; x_wconf 92' lang='lat' dir='ltr'><strong>ac</strong></span> <span class='ocrx_word' id='word_1_363' title='bbox 1506 2875 1662 2931; x_wconf 91' lang='lat' dir='ltr'><strong>meminisse</strong></span> <span class='ocrx_word' id='word_1_364' title='bbox 1672 2891 1754 2948; x_wconf 89' lang='lat' dir='ltr'><strong>opor-</strong></span> 
     </span>
     <span class='ocr_line' id='line_1_30' title="bbox 128 2961 1754 3039; baseline 0 -19"><span class='ocrx_word' id='word_1_365' title='bbox 128 2965 286 3039; x_wconf 85' lang='lat' dir='ltr'><strong>detegenda,</strong></span> <span class='ocrx_word' id='word_1_366' title='bbox 307 2965 428 3036; x_wconf 90' lang='lat' dir='ltr'><strong>aliquam</strong></span> <span class='ocrx_word' id='word_1_367' title='bbox 448 2963 606 3019; x_wconf 76' lang='lat' dir='ltr'><strong>facilitatem</strong></span> <span class='ocrx_word' id='word_1_368' title='bbox 620 2963 692 3018; x_wconf 89' lang='lat' dir='ltr'><strong>nacti</strong></span> <span class='ocrx_word' id='word_1_369' title='bbox 708 2962 817 3034; x_wconf 86' lang='lat' dir='ltr'><strong>erimus,</strong></span> <span class='ocrx_word' id='word_1_370' title='bbox 843 2962 914 3018; x_wconf 91' lang='lat' dir='ltr'><strong>serio</strong></span> <span class='ocrx_word' id='word_1_371' title='bbox 966 2965 1035 3033; x_wconf 81' lang='lat' dir='ltr'><strong>teat,</strong></span> <span class='ocrx_word' id='word_1_372' title='bbox 1056 2961 1150 3017; x_wconf 89' lang='lat' dir='ltr'><strong>omnia</strong></span> <span class='ocrx_word' id='word_1_373' title='bbox 1174 2976 1243 3033; x_wconf 91' lang='lat' dir='ltr'><strong>quae</strong></span> <span class='ocrx_word' id='word_1_374' title='bbox 1269 2979 1299 3017; x_wconf 91' lang='lat' dir='ltr'><strong>se</strong></span> <span class='ocrx_word' id='word_1_375' title='bbox 1322 2962 1511 3035; x_wconf 83' lang='lat' dir='ltr'><strong>imaginationi</strong></span> <span class='ocrx_word' id='word_1_376' title='bbox 1537 2964 1669 3035; x_wconf 75' lang='lat' dir='ltr'><strong>olfatumt,</strong></span> <span class='ocrx_word' id='word_1_377' title='bbox 1695 2980 1754 3020; x_wconf 89' lang='lat' dir='ltr'><strong>nou</strong></span> 
     </span>
     <span class='ocr_line' id='line_1_31' title="bbox 129 3049 1755 3127; baseline -0.001 -17"><span class='ocrx_word' id='word_1_378' title='bbox 129 3070 181 3110; x_wconf 89' lang='lat' dir='ltr'><strong>nos</strong></span> <span class='ocrx_word' id='word_1_379' title='bbox 201 3053 400 3127; x_wconf 90' lang='lat' dir='ltr'><strong>applieabimus</strong></span> <span class='ocrx_word' id='word_1_380' title='bbox 419 3068 499 3108; x_wconf 83' lang='lat' dir='ltr'><strong>verae</strong></span> <span class='ocrx_word' id='word_1_381' title='bbox 518 3051 712 3124; x_wconf 84' lang='lat' dir='ltr'><strong>philosophiae,</strong></span> <span class='ocrx_word' id='word_1_382' title='bbox 732 3050 784 3105; x_wconf 91' lang='lat' dir='ltr'><strong>hoe</strong></span> <span class='ocrx_word' id='word_1_383' title='bbox 803 3055 846 3106; x_wconf 74' lang='lat' dir='ltr'><strong>est</strong></span> <span class='ocrx_word' id='word_1_384' title='bbox 859 3054 915 3106; x_wconf 94' lang='lat' dir='ltr'><strong>stu·</strong></span> <span class='ocrx_word' id='word_1_385' title='bbox 964 3049 1020 3107; x_wconf 86' lang='lat' dir='ltr'><strong>alio</strong></span> <span class='ocrx_word' id='word_1_386' title='bbox 1033 3054 1164 3124; x_wconf 85' lang='lat' dir='ltr'><strong>spectare,</strong></span> <span class='ocrx_word' id='word_1_387' title='bbox 1179 3065 1263 3122; x_wconf 88' lang='lat' dir='ltr'><strong>quam</strong></span> <span class='ocrx_word' id='word_1_388' title='bbox 1276 3050 1311 3105; x_wconf 91' lang='lat' dir='ltr'><strong>ad</strong></span> <span class='ocrx_word' id='word_1_389' title='bbox 1332 3050 1441 3107; x_wconf 76' lang='lat' dir='ltr'><strong>ammae</strong></span> <span class='ocrx_word' id='word_1_390' title='bbox 1455 3052 1641 3125; x_wconf 87' lang='lat' dir='ltr'><strong>deceptionem</strong></span> <span class='ocrx_word' id='word_1_391' title='bbox 1654 3068 1755 3125; x_wconf 90' lang='lat' dir='ltr'><strong>augen-</strong></span> 
     </span>
     <span class='ocr_line' id='line_1_32' title="bbox 108 3138 1754 3215; baseline -0.002 -17"><span class='ocrx_word' id='word_1_392' title='bbox 108 3188 111 3209; x_wconf 77' lang='grc'><strong>,,</strong></span> <span class='ocrx_word' id='word_1_393' title='bbox 129 3141 176 3198; x_wconf 83' lang='grc' dir='ltr'><strong>(1ιο</strong></span> <span class='ocrx_word' id='word_1_394' title='bbox 197 3141 356 3215; x_wconf 89' lang='lat' dir='ltr'><strong>sapientiae</strong></span> <span class='ocrx_word' id='word_1_395' title='bbox 399 3139 486 3196; x_wconf 84' lang='lat' dir='ltr'><strong>Ponu</strong></span> <span class='ocrx_word' id='word_1_396' title='bbox 508 3139 573 3195; x_wconf 89' lang='lat' dir='ltr'><strong>haee</strong></span> <span class='ocrx_word' id='word_1_397' title='bbox 593 3138 764 3211; x_wconf 89' lang='lat' dir='ltr'><strong>philosophia</strong></span> <span class='ocrx_word' id='word_1_398' title='bbox 783 3139 858 3195; x_wconf 86' lang='lat' dir='ltr'><strong>velut</strong></span> <span class='ocrx_word' id='word_1_399' title='bbox 872 3155 915 3195; x_wconf 87' lang='lat' dir='ltr'><strong>ar·</strong></span> <span class='ocrx_word' id='word_1_400' title='bbox 965 3138 1067 3210; x_wconf 81' lang='lat' dir='ltr'><strong>‹lasque</strong></span> <span class='ocrx_word' id='word_1_401' title='bbox 1091 3139 1207 3194; x_wconf 91' lang='lat' dir='ltr'><strong>nimium</strong></span> <span class='ocrx_word' id='word_1_402' title='bbox 1236 3138 1369 3210; x_wconf 89' lang='lat' dir='ltr'><strong>rationes,</strong></span> <span class='ocrx_word' id='word_1_403' title='bbox 1396 3156 1466 3212; x_wconf 88' lang='lat' dir='ltr'><strong>quae</strong></span> <span class='ocrx_word' id='word_1_404' title='bbox 1485 3140 1622 3209; x_wconf 88' lang='lat' dir='ltr'><strong>objectum</strong></span> <span class='ocrx_word' id='word_1_405' title='bbox 1641 3142 1754 3197; x_wconf 82' lang='lat' dir='ltr'><strong>allectus</strong></span> 
     </span>
     <span class='ocr_line' id='line_1_33' title="bbox 108 3210 1597 3318; baseline 0.001 -35"><span class='ocrx_word' id='word_1_406' title='bbox 108 3212 182 3287; x_wconf 56' lang='lat' dir='ltr'><strong>ffbor</strong></span> <span class='ocrx_word' id='word_1_407' title='bbox 145 3235 253 3318; x_wconf 85' lang='lat' dir='ltr'><strong>est,</strong></span> <span class='ocrx_word' id='word_1_408' title='bbox 270 3229 347 3299; x_wconf 73' lang='lat' dir='ltr'><strong>enjus</strong></span> <span class='ocrx_word' id='word_1_409' title='bbox 366 3228 470 3284; x_wconf 87' lang='lat' dir='ltr'><strong>radices</strong></span> <span class='ocrx_word' id='word_1_410' title='bbox 490 3226 688 3301; x_wconf 83' lang='lat' dir='ltr'><strong>metaprsiea,</strong></span> <span class='ocrx_word' id='word_1_411' title='bbox 717 3232 827 3284; x_wconf 74' lang='lat' dir='ltr'><strong>aunem</strong></span> <span class='ocrx_word' id='word_1_412' title='bbox 846 3228 915 3301; x_wconf 86' lang='lat' dir='ltr'><strong>pby·</strong></span> <span class='ocrx_word' id='word_1_413' title='bbox 964 3228 1166 3299; x_wconf 81' lang='lat' dir='ltr'><strong>wmendant,</strong></span> <span class='ocrx_word' id='word_1_414' title='bbox 1182 3210 1231 3285; x_wconf 80' lang='lat' dir='ltr'><strong>aut</strong></span> <span class='ocrx_word' id='word_1_415' title='bbox 1242 3228 1393 3285; x_wconf 86' lang='lat' dir='ltr'><strong>contrarias</strong></span> <span class='ocrx_word' id='word_1_416' title='bbox 1408 3229 1597 3285; x_wconf 87' lang='lat' dir='ltr'><strong>debilitandas.</strong></span> 
     </span>
     <span class='ocr_line' id='line_1_34' title="bbox 108 3302 1753 3391; baseline -0.001 -16"><span class='ocrx_word' id='word_1_417' title='bbox 108 3302 253 3355; x_wconf 44' lang='lat'><strong>3⁹⁶</strong></span> <span class='ocrx_word' id='word_1_418' title='bbox 129 3336 193 3391; x_wconf 74' lang='lat' dir='ltr'><strong>stoa,</strong></span> <span class='ocrx_word' id='word_1_419' title='bbox 208 3318 280 3376; x_wconf 90' lang='lat' dir='ltr'><strong>rami</strong></span> <span class='ocrx_word' id='word_1_420' title='bbox 290 3334 326 3372; x_wconf 85' lang='lat' dir='ltr'><strong>ex</strong></span> <span class='ocrx_word' id='word_1_421' title='bbox 340 3334 374 3374; x_wconf 95' lang='lat' dir='ltr'><strong>eo</strong></span> <span class='ocrx_word' id='word_1_422' title='bbox 389 3317 552 3389; x_wconf 80' lang='lat' dir='ltr'><strong>pullulantes</strong></span> <span class='ocrx_word' id='word_1_423' title='bbox 563 3326 666 3372; x_wconf 84' lang='lat' dir='ltr'><strong>onmes</strong></span> <span class='ocrx_word' id='word_1_424' title='bbox 685 3315 757 3372; x_wconf 90' lang='lat' dir='ltr'><strong>aliae</strong></span> <span class='ocrx_word' id='word_1_425' title='bbox 776 3314 913 3388; x_wconf 59' lang='lat' dir='ltr'><strong>scantiae,</strong></span> <span class='ocrx_word' id='word_1_426' title='bbox 1011 3315 1039 3370; x_wconf 91' lang='grc'><strong>4.</strong></span> <span class='ocrx_word' id='word_1_427' title='bbox 1051 3316 1140 3388; x_wconf 86' lang='lat' dir='ltr'><strong>Quod,</strong></span> <span class='ocrx_word' id='word_1_428' title='bbox 1155 3316 1279 3389; x_wconf 88' lang='lat' dir='ltr'><strong>quamvis</strong></span> <span class='ocrx_word' id='word_1_429' title='bbox 1289 3317 1379 3387; x_wconf 87' lang='lat' dir='ltr'><strong>quivis</strong></span> <span class='ocrx_word' id='word_1_430' title='bbox 1393 3322 1517 3372; x_wconf 86' lang='lat' dir='ltr'><strong>nostmm</strong></span> <span class='ocrx_word' id='word_1_431' title='bbox 1528 3334 1674 3391; x_wconf 87' lang='lat' dir='ltr'><strong>personam</strong></span> <span class='ocrx_word' id='word_1_432' title='bbox 1688 3335 1753 3374; x_wconf 90' lang='lat' dir='ltr'><strong>oon-</strong></span> 
     </span>
     <span class='ocr_line' id='line_1_35' title="bbox 103 3405 1755 3485; baseline 0.002 -25"><span class='ocrx_word' id='word_1_433' title='bbox 103 3444 107 3460; x_wconf 75' lang='grc'>,</span> <span class='ocrx_word' id='word_1_434' title='bbox 129 3424 199 3480; x_wconf 88' lang='lat' dir='ltr'><strong>quae</strong></span> <span class='ocrx_word' id='word_1_435' title='bbox 223 3407 258 3462; x_wconf 83' lang='lat' dir='ltr'><strong>ad</strong></span> <span class='ocrx_word' id='word_1_436' title='bbox 284 3411 338 3461; x_wconf 85' lang='lat' dir='ltr'><strong>tres</strong></span> <span class='ocrx_word' id='word_1_437' title='bbox 363 3405 505 3478; x_wconf 88' lang='lat' dir='ltr'><strong>praecipuo</strong></span> <span class='ocrx_word' id='word_1_438' title='bbox 520 3409 697 3476; x_wconf 81' lang='lat' dir='ltr'><strong>revocantur,</strong></span> <span class='ocrx_word' id='word_1_439' title='bbox 719 3405 942 3485; x_wconf 86' lang='lat' dir='ltr'><strong>Meehanieam,</strong></span> <span class='ocrx_word' id='word_1_440' title='bbox 964 3405 1055 3460; x_wconf 88' lang='lat' dir='ltr'><strong>stituit</strong></span> <span class='ocrx_word' id='word_1_441' title='bbox 1078 3405 1140 3460; x_wconf 91' lang='lat' dir='ltr'><strong>aliis</strong></span> <span class='ocrx_word' id='word_1_442' title='bbox 1165 3405 1314 3476; x_wconf 76' lang='lat' dir='ltr'><strong>(liversam,</strong></span> <span class='ocrx_word' id='word_1_443' title='bbox 1340 3405 1517 3462; x_wconf 91' lang='lat' dir='ltr'><strong>nihilominus</strong></span> <span class='ocrx_word' id='word_1_444' title='bbox 1535 3408 1654 3479; x_wconf 78' lang='lat' dir='ltr'><strong>negitare</strong></span> <span class='ocrx_word' id='word_1_445' title='bbox 1673 3408 1755 3464; x_wconf 87' lang='lat' dir='ltr'><strong>debe-</strong></span> 
     </span>
     <span class='ocr_line' id='line_1_36' title="bbox 101 3480 1753 3567; baseline -0.001 -14"><span class='ocrx_word' id='word_1_446' title='bbox 101 3480 296 3552; x_wconf 62' lang='lat' dir='ltr'><strong>&#39;Medioinam</strong></span> <span class='ocrx_word' id='word_1_447' title='bbox 320 3497 348 3549; x_wconf 88' lang='lat' dir='ltr'><strong>et</strong></span> <span class='ocrx_word' id='word_1_448' title='bbox 374 3493 505 3549; x_wconf 82' lang='lat' dir='ltr'><strong>Etlricam.</strong></span> <span class='ocrx_word' id='word_1_449' title='bbox 554 3493 628 3548; x_wconf 92' lang='lat' dir='ltr'><strong>Utile</strong></span> <span class='ocrx_word' id='word_1_450' title='bbox 649 3499 741 3549; x_wconf 87' lang='lat' dir='ltr'><strong>autem</strong></span> <span class='ocrx_word' id='word_1_451' title='bbox 767 3494 819 3549; x_wconf 88' lang='lat' dir='ltr'><strong>erit</strong></span> <span class='ocrx_word' id='word_1_452' title='bbox 844 3494 916 3549; x_wconf 90' lang='lat' dir='ltr'><strong>hune</strong></span> <span class='ocrx_word' id='word_1_453' title='bbox 966 3509 1034 3566; x_wconf 91' lang='lat' dir='ltr'><strong>mus,</strong></span> <span class='ocrx_word' id='word_1_454' title='bbox 1049 3510 1106 3549; x_wconf 92' lang='lat' dir='ltr'><strong>non</strong></span> <span class='ocrx_word' id='word_1_455' title='bbox 1120 3509 1199 3567; x_wconf 80' lang='lat' dir='ltr'><strong>posse</strong></span> <span class='ocrx_word' id='word_1_456' title='bbox 1213 3494 1369 3566; x_wconf 88' lang='lat' dir='ltr'><strong>quempiam</strong></span> <span class='ocrx_word' id='word_1_457' title='bbox 1383 3512 1479 3567; x_wconf 89' lang='lat' dir='ltr'><strong>perse</strong></span> <span class='ocrx_word' id='word_1_458' title='bbox 1493 3495 1583 3550; x_wconf 89' lang='lat' dir='ltr'><strong>solum</strong></span> <span class='ocrx_word' id='word_1_459' title='bbox 1597 3497 1753 3567; x_wconf 81' lang='lat' dir='ltr'><strong>consistere,</strong></span> 
     </span>
     <span class='ocr_line' id='line_1_37' title="bbox 128 3581 1754 3657; baseline 0 -17"><span class='ocrx_word' id='word_1_460' title='bbox 128 3586 274 3643; x_wconf 85' lang='lat' dir='ltr'><strong>observare</strong></span> <span class='ocrx_word' id='word_1_461' title='bbox 286 3581 317 3637; x_wconf 92' lang='lat' dir='ltr'><strong>in</strong></span> <span class='ocrx_word' id='word_1_462' title='bbox 342 3581 439 3637; x_wconf 89' lang='lat' dir='ltr'><strong>studiis</strong></span> <span class='ocrx_word' id='word_1_463' title='bbox 458 3581 585 3653; x_wconf 90' lang='lat' dir='ltr'><strong>modum,</strong></span> <span class='ocrx_word' id='word_1_464' title='bbox 611 3584 643 3636; x_wconf 90' lang='lat' dir='ltr'><strong>ut</strong></span> <span class='ocrx_word' id='word_1_465' title='bbox 661 3597 760 3654; x_wconf 85' lang='lat' dir='ltr'><strong>paneas</strong></span> <span class='ocrx_word' id='word_1_466' title='bbox 779 3581 860 3637; x_wconf 87' lang='lat' dir='ltr'><strong>boras</strong></span> <span class='ocrx_word' id='word_1_467' title='bbox 880 3581 916 3637; x_wconf 88' lang='lat' dir='ltr'><strong>iis</strong></span> <span class='ocrx_word' id='word_1_468' title='bbox 966 3581 1014 3637; x_wconf 88' lang='lat' dir='ltr'><strong>sed</strong></span> <span class='ocrx_word' id='word_1_469' title='bbox 1028 3581 1133 3654; x_wconf 86' lang='lat' dir='ltr'><strong>concipi</strong></span> <span class='ocrx_word' id='word_1_470' title='bbox 1149 3596 1369 3654; x_wconf 87' lang='lat' dir='ltr'><strong>unumquemque</strong></span> <span class='ocrx_word' id='word_1_471' title='bbox 1382 3582 1482 3639; x_wconf 91' lang='lat' dir='ltr'><strong>debere</strong></span> <span class='ocrx_word' id='word_1_472' title='bbox 1491 3585 1565 3640; x_wconf 88' lang='lat' dir='ltr'><strong>velnt</strong></span> <span class='ocrx_word' id='word_1_473' title='bbox 1575 3588 1681 3657; x_wconf 85' lang='lat' dir='ltr'><strong>partem</strong></span> <span class='ocrx_word' id='word_1_474' title='bbox 1692 3585 1754 3640; x_wconf 90' lang='lat' dir='ltr'><strong>uni-</strong></span> 
     </span>
     <span class='ocr_line' id='line_1_38' title="bbox 129 3669 1753 3746; baseline 0 -18"><span class='ocrx_word' id='word_1_475' title='bbox 129 3672 226 3729; x_wconf 89' lang='lat' dir='ltr'><strong>studiis</strong></span> <span class='ocrx_word' id='word_1_476' title='bbox 241 3671 344 3742; x_wconf 86' lang='lat' dir='ltr'><strong>demus,</strong></span> <span class='ocrx_word' id='word_1_477' title='bbox 359 3686 428 3742; x_wconf 91' lang='lat' dir='ltr'><strong>quae</strong></span> <span class='ocrx_word' id='word_1_478' title='bbox 448 3669 672 3742; x_wconf 86' lang='lat' dir='ltr'><strong>imaginationem</strong></span> <span class='ocrx_word' id='word_1_479' title='bbox 692 3675 826 3744; x_wconf 81' lang='lat' dir='ltr'><strong>exercent,</strong></span> <span class='ocrx_word' id='word_1_480' title='bbox 849 3687 916 3744; x_wconf 88' lang='lat' dir='ltr'><strong>pau·</strong></span> <span class='ocrx_word' id='word_1_481' title='bbox 967 3671 1039 3726; x_wconf 88' lang='lat' dir='ltr'><strong>versi</strong></span> <span class='ocrx_word' id='word_1_482' title='bbox 1058 3675 1087 3726; x_wconf 87' lang='lat' dir='ltr'><strong>et</strong></span> <span class='ocrx_word' id='word_1_483' title='bbox 1100 3669 1181 3739; x_wconf 80' lang='lat' dir='ltr'><strong>hujm</strong></span> <span class='ocrx_word' id='word_1_484' title='bbox 1195 3670 1368 3743; x_wconf 81' lang='lat' dir='ltr'><strong>reipublicae,</strong></span> <span class='ocrx_word' id='word_1_485' title='bbox 1383 3672 1531 3744; x_wconf 88' lang='lat' dir='ltr'><strong>societatis,</strong></span> <span class='ocrx_word' id='word_1_486' title='bbox 1548 3673 1676 3744; x_wconf 84' lang='lat' dir='ltr'><strong>familiae,</strong></span> <span class='ocrx_word' id='word_1_487' title='bbox 1691 3674 1753 3746; x_wconf 92' lang='lat' dir='ltr'><strong>qui-</strong></span> 
     </span>
     <span class='ocr_line' id='line_1_39' title="bbox 128 3758 1753 3833; baseline -0.002 -16"><span class='ocrx_word' id='word_1_488' title='bbox 128 3761 251 3817; x_wconf 86' lang='lat' dir='ltr'><strong>cissimas</strong></span> <span class='ocrx_word' id='word_1_489' title='bbox 265 3759 329 3830; x_wconf 88' lang='lat' dir='ltr'><strong>illis,</strong></span> <span class='ocrx_word' id='word_1_490' title='bbox 344 3774 415 3830; x_wconf 88' lang='lat' dir='ltr'><strong>quae</strong></span> <span class='ocrx_word' id='word_1_491' title='bbox 428 3759 488 3814; x_wconf 90' lang='lat' dir='ltr'><strong>solo</strong></span> <span class='ocrx_word' id='word_1_492' title='bbox 502 3759 640 3814; x_wconf 90' lang='lat' dir='ltr'><strong>intellectu</strong></span> <span class='ocrx_word' id='word_1_493' title='bbox 660 3759 853 3832; x_wconf 85' lang='lat' dir='ltr'><strong>percipiuntur,</strong></span> <span class='ocrx_word' id='word_1_494' title='bbox 873 3776 916 3815; x_wconf 87' lang='lat' dir='ltr'><strong>re-</strong></span> <span class='ocrx_word' id='word_1_495' title='bbox 966 3775 1028 3814; x_wconf 91' lang='lat' dir='ltr'><strong>cum</strong></span> <span class='ocrx_word' id='word_1_496' title='bbox 1053 3765 1129 3833; x_wconf 84' lang='lat' dir='ltr'><strong>ortu,</strong></span> <span class='ocrx_word' id='word_1_497' title='bbox 1151 3758 1290 3815; x_wconf 87' lang='lat' dir='ltr'><strong>domicilio</strong></span> <span class='ocrx_word' id='word_1_498' title='bbox 1306 3765 1475 3816; x_wconf 87' lang='lat' dir='ltr'><strong>sacramento</strong></span> <span class='ocrx_word' id='word_1_499' title='bbox 1493 3761 1631 3831; x_wconf 76' lang='lat' dir='ltr'><strong>conjuncti</strong></span> <span class='ocrx_word' id='word_1_500' title='bbox 1652 3778 1753 3817; x_wconf 76' lang='lat' dir='ltr'><strong>samiis</strong></span> 
     </span>
     <span class='ocr_line' id='line_1_40' title="bbox 128 3846 1752 3924; baseline 0.001 -19"><span class='ocrx_word' id='word_1_501' title='bbox 128 3849 234 3921; x_wconf 88' lang='lat' dir='ltr'><strong>liquam</strong></span> <span class='ocrx_word' id='word_1_502' title='bbox 247 3850 354 3920; x_wconf 86' lang='lat' dir='ltr'><strong>tempus</strong></span> <span class='ocrx_word' id='word_1_503' title='bbox 368 3846 442 3902; x_wconf 86' lang='lat' dir='ltr'><strong>vitae</strong></span> <span class='ocrx_word' id='word_1_504' title='bbox 455 3851 483 3904; x_wconf 88' lang='lat' dir='ltr'><strong>et</strong></span> <span class='ocrx_word' id='word_1_505' title='bbox 496 3847 653 3903; x_wconf 84' lang='lat' dir='ltr'><strong>relaxandis</strong></span> <span class='ocrx_word' id='word_1_506' title='bbox 672 3847 796 3903; x_wconf 77' lang='lat' dir='ltr'><strong>sensibus</strong></span> <span class='ocrx_word' id='word_1_507' title='bbox 814 3851 843 3903; x_wconf 90' lang='lat' dir='ltr'><strong>et</strong></span> <span class='ocrx_word' id='word_1_508' title='bbox 856 3862 916 3904; x_wconf 91' lang='lat' dir='ltr'><strong>eor-</strong></span> <span class='ocrx_word' id='word_1_509' title='bbox 966 3847 1039 3904; x_wconf 71' lang='lat' dir='ltr'><strong>lime</strong></span> <span class='ocrx_word' id='word_1_510' title='bbox 1051 3847 1126 3903; x_wconf 89' lang='lat' dir='ltr'><strong>enim</strong></span> <span class='ocrx_word' id='word_1_511' title='bbox 1140 3847 1266 3921; x_wconf 87' lang='lat' dir='ltr'><strong>voluptas</strong></span> <span class='ocrx_word' id='word_1_512' title='bbox 1284 3847 1367 3904; x_wconf 92' lang='lat' dir='ltr'><strong>nobis</strong></span> <span class='ocrx_word' id='word_1_513' title='bbox 1386 3849 1447 3921; x_wconf 87' lang='lat' dir='ltr'><strong>erit,</strong></span> <span class='ocrx_word' id='word_1_514' title='bbox 1469 3850 1597 3906; x_wconf 89' lang='lat' dir='ltr'><strong>omnibus</strong></span> <span class='ocrx_word' id='word_1_515' title='bbox 1616 3851 1752 3924; x_wconf 78' lang='lat' dir='ltr'><strong>prodesse,</strong></span> 
     </span>
     <span class='ocr_line' id='line_1_41' title="bbox 128 3935 1754 4012; baseline 0.001 -20"><span class='ocrx_word' id='word_1_516' title='bbox 128 3936 203 4010; x_wconf 86' lang='lat' dir='ltr'><strong>ports</strong></span> <span class='ocrx_word' id='word_1_517' title='bbox 228 3935 364 3992; x_wconf 77' lang='lat' dir='ltr'><strong>exmcitiis</strong></span> <span class='ocrx_word' id='word_1_518' title='bbox 390 3939 418 3992; x_wconf 88' lang='lat' dir='ltr'><strong>et</strong></span> <span class='ocrx_word' id='word_1_519' title='bbox 442 3935 529 3991; x_wconf 89' lang='lat' dir='ltr'><strong>animi</strong></span> <span class='ocrx_word' id='word_1_520' title='bbox 561 3935 646 4008; x_wconf 89' lang='lat' dir='ltr'><strong>quieti</strong></span> <span class='ocrx_word' id='word_1_521' title='bbox 671 3935 785 4006; x_wconf 69' lang='lat' dir='ltr'><strong>demusq·</strong></span> <span class='ocrx_word' id='word_1_522' title='bbox 807 3938 915 3992; x_wconf 88' lang='lat' dir='ltr'><strong>tantum</strong></span> <span class='ocrx_word' id='word_1_523' title='bbox 966 3937 1032 4008; x_wconf 86' lang='lat' dir='ltr'><strong>qula</strong></span> <span class='ocrx_word' id='word_1_524' title='bbox 1044 3935 1137 4008; x_wconf 81' lang='lat' dir='ltr'><strong>totivrs,</strong></span> <span class='ocrx_word' id='word_1_525' title='bbox 1156 3935 1233 4006; x_wconf 72' lang='lat' dir='ltr'><strong>cnjus</strong></span> <span class='ocrx_word' id='word_1_526' title='bbox 1247 3950 1310 4010; x_wconf 88' lang='lat' dir='ltr'><strong>pars</strong></span> <span class='ocrx_word' id='word_1_527' title='bbox 1324 3953 1424 4009; x_wconf 89' lang='lat' dir='ltr'><strong>sumus,</strong></span> <span class='ocrx_word' id='word_1_528' title='bbox 1439 3938 1543 3994; x_wconf 88' lang='lat' dir='ltr'><strong>bonum</strong></span> <span class='ocrx_word' id='word_1_529' title='bbox 1556 3940 1665 4012; x_wconf 87' lang='lat' dir='ltr'><strong>privato</strong></span> <span class='ocrx_word' id='word_1_530' title='bbox 1679 3940 1754 3995; x_wconf 88' lang='lat' dir='ltr'><strong>bono</strong></span> 
     </span>
     <span class='ocr_line' id='line_1_42' title="bbox 128 4023 1754 4100; baseline 0.001 -19"><span class='ocrx_word' id='word_1_531' title='bbox 128 4023 203 4081; x_wconf 89' lang='lat' dir='ltr'><strong>enim</strong></span> <span class='ocrx_word' id='word_1_532' title='bbox 225 4024 319 4097; x_wconf 75' lang='lat' dir='ltr'><strong>abest,</strong></span> <span class='ocrx_word' id='word_1_533' title='bbox 345 4028 377 4080; x_wconf 89' lang='lat' dir='ltr'><strong>ut</strong></span> <span class='ocrx_word' id='word_1_534' title='bbox 401 4024 541 4099; x_wconf 83' lang='lat' dir='ltr'><strong>ingenium</strong></span> <span class='ocrx_word' id='word_1_535' title='bbox 566 4030 689 4081; x_wconf 87' lang='lat' dir='ltr'><strong>nostrum</strong></span> <span class='ocrx_word' id='word_1_536' title='bbox 714 4024 802 4081; x_wconf 75' lang='lat' dir='ltr'><strong>simio</strong></span> <span class='ocrx_word' id='word_1_537' title='bbox 826 4025 919 4083; x_wconf 90' lang='lat' dir='ltr'><strong>studio</strong></span> <span class='ocrx_word' id='word_1_538' title='bbox 966 4025 1048 4082; x_wconf 87' lang='lat' dir='ltr'><strong>debet</strong></span> <span class='ocrx_word' id='word_1_539' title='bbox 1062 4025 1200 4098; x_wconf 87' lang='lat' dir='ltr'><strong>anteponi.</strong></span> <span class='ocrx_word' id='word_1_540' title='bbox 1231 4025 1304 4089; x_wconf 88' lang='lat' dir='ltr'><strong>Quin</strong></span> <span class='ocrx_word' id='word_1_541' title='bbox 1323 4030 1352 4081; x_wconf 89' lang='lat' dir='ltr'><strong>ct</strong></span> <span class='ocrx_word' id='word_1_542' title='bbox 1370 4027 1421 4081; x_wconf 88' lang='lat' dir='ltr'><strong>hoe</strong></span> <span class='ocrx_word' id='word_1_543' title='bbox 1440 4032 1534 4082; x_wconf 80' lang='lat' dir='ltr'><strong>nostra</strong></span> <span class='ocrx_word' id='word_1_544' title='bbox 1547 4042 1655 4100; x_wconf 85' lang='lat' dir='ltr'><strong>quoque</strong></span> <span class='ocrx_word' id='word_1_545' title='bbox 1668 4028 1754 4084; x_wconf 87' lang='lat' dir='ltr'><strong>inter-</strong></span> 
     </span>
     <span class='ocr_line' id='line_1_43' title="bbox 128 4112 1753 4189; baseline 0.001 -20"><span class='ocrx_word' id='word_1_546' title='bbox 128 4112 303 4187; x_wconf 77' lang='lat' dir='ltr'><strong>pcqioliatur,</strong></span> <span class='ocrx_word' id='word_1_547' title='bbox 325 4119 357 4169; x_wconf 90' lang='lat' dir='ltr'><strong>at</strong></span> <span class='ocrx_word' id='word_1_548' title='bbox 374 4117 470 4170; x_wconf 81' lang='lat' dir='ltr'><strong>contm</strong></span> <span class='ocrx_word' id='word_1_549' title='bbox 483 4114 521 4171; x_wconf 91' lang='lat' dir='ltr'><strong>ab</strong></span> <span class='ocrx_word' id='word_1_550' title='bbox 535 4129 569 4170; x_wconf 92' lang='lat' dir='ltr'><strong>eo</strong></span> <span class='ocrx_word' id='word_1_551' title='bbox 583 4113 759 4170; x_wconf 86' lang='lat' dir='ltr'><strong>obtundatur.</strong></span> <span class='ocrx_word' id='word_1_552' title='bbox 966 4113 1032 4185; x_wconf 80' lang='lat' dir='ltr'><strong>en&#39;t3</strong></span> <span class='ocrx_word' id='word_1_553' title='bbox 1046 4118 1150 4170; x_wconf 76' lang='lat' dir='ltr'><strong>aetum</strong></span> <span class='ocrx_word' id='word_1_554' title='bbox 1168 4116 1210 4169; x_wconf 82' lang='lat' dir='ltr'><strong>est</strong></span> <span class='ocrx_word' id='word_1_555' title='bbox 1229 4114 1303 4170; x_wconf 89' lang='lat' dir='ltr'><strong>anim</strong></span> <span class='ocrx_word' id='word_1_556' title='bbox 1321 4130 1382 4186; x_wconf 86' lang='lat' dir='ltr'><strong>eos,</strong></span> <span class='ocrx_word' id='word_1_557' title='bbox 1408 4115 1456 4187; x_wconf 90' lang='lat' dir='ltr'><strong>qui</strong></span> <span class='ocrx_word' id='word_1_558' title='bbox 1476 4116 1590 4172; x_wconf 83' lang='lat' dir='ltr'><strong>officiosi</strong></span> <span class='ocrx_word' id='word_1_559' title='bbox 1610 4117 1753 4189; x_wconf 79' lang='lat' dir='ltr'><strong>labentur,</strong></span> 
     </span>
     <span class='ocr_line' id='line_1_44' title="bbox 966 4202 1753 4278; baseline 0.005 -21"><span class='ocrx_word' id='word_1_560' title='bbox 966 4203 1053 4258; x_wconf 87' lang='lat' dir='ltr'><strong>multa</strong></span> <span class='ocrx_word' id='word_1_561' title='bbox 1066 4203 1152 4258; x_wconf 89' lang='lat' dir='ltr'><strong>etiam</strong></span> <span class='ocrx_word' id='word_1_562' title='bbox 1165 4203 1202 4258; x_wconf 90' lang='lat' dir='ltr'><strong>ab</strong></span> <span class='ocrx_word' id='word_1_563' title='bbox 1217 4202 1287 4276; x_wconf 84' lang='lat' dir='ltr'><strong>aliis,</strong></span> <span class='ocrx_word' id='word_1_564' title='bbox 1302 4203 1386 4258; x_wconf 89' lang='lat' dir='ltr'><strong>ctiam</strong></span> <span class='ocrx_word' id='word_1_565' title='bbox 1399 4204 1499 4277; x_wconf 85' lang='lat' dir='ltr'><strong>quibus</strong></span> <span class='ocrx_word' id='word_1_566' title='bbox 1512 4221 1569 4260; x_wconf 90' lang='grc' dir='ltr'><strong>ιιοιι</strong></span> <span class='ocrx_word' id='word_1_567' title='bbox 1584 4202 1753 4278; x_wconf 75' lang='lat' dir='ltr'><strong>potuerunt,</strong></span> 
     </span>
     <span class='ocr_line' id='line_1_45' title="bbox 450 4278 1754 4366; baseline -0.005 -11"><span class='ocrx_word' id='word_1_568' title='bbox 450 4294 543 4355; x_wconf 79' lang='lat' dir='ltr'>PARS</span> <span class='ocrx_word' id='word_1_569' title='bbox 560 4296 592 4353; x_wconf 94' lang='lat' dir='ltr'><strong>ll.</strong></span> <span class='ocrx_word' id='word_1_570' title='bbox 686 4278 690 4285; x_wconf 41' lang='lat'>⁸</span> <span class='ocrx_word' id='word_1_571' title='bbox 966 4290 1054 4347; x_wconf 82' lang='lat' dir='ltr'><strong>amita</strong></span> <span class='ocrx_word' id='word_1_572' title='bbox 1063 4291 1194 4347; x_wconf 74' lang='lat' dir='ltr'><strong>offidada</strong></span> <span class='ocrx_word' id='word_1_573' title='bbox 1204 4291 1332 4364; x_wconf 76' lang='lat' dir='ltr'><strong>accipere,</strong></span> <span class='ocrx_word' id='word_1_574' title='bbox 1346 4292 1507 4366; x_wconf 72' lang='lat' dir='ltr'><strong>laboresque</strong></span> <span class='ocrx_word' id='word_1_575' title='bbox 1517 4309 1586 4366; x_wconf 87' lang='lat' dir='ltr'><strong>quos</strong></span> <span class='ocrx_word' id='word_1_576' title='bbox 1595 4293 1626 4348; x_wconf 93' lang='lat' dir='ltr'><strong>in</strong></span> <span class='ocrx_word' id='word_1_577' title='bbox 1636 4294 1754 4350; x_wconf 85' lang='lat' dir='ltr'><strong>aliorum</strong></span> 
     </span>
     <span class='ocr_line' id='line_1_46' title="bbox 381 4378 1755 4468; baseline 0.003 -34"><span class='ocrx_word' id='word_1_578' title='bbox 381 4398 440 4467; x_wconf 72' lang='lat' dir='ltr'><strong>DE</strong></span> <span class='ocrx_word' id='word_1_579' title='bbox 464 4398 663 4468; x_wconf 47' lang='lat' dir='ltr'><strong>vavava.</strong></span> <span class='ocrx_word' id='word_1_580' title='bbox 967 4378 1084 4452; x_wconf 86' lang='lat' dir='ltr'><strong>gratiam</strong></span> <span class='ocrx_word' id='word_1_581' title='bbox 1107 4379 1267 4452; x_wconf 87' lang='lat' dir='ltr'><strong>suscipiant,</strong></span> <span class='ocrx_word' id='word_1_582' title='bbox 1288 4381 1409 4437; x_wconf 78' lang='lat' dir='ltr'><strong>minores</strong></span> <span class='ocrx_word' id='word_1_583' title='bbox 1428 4398 1589 4454; x_wconf 85' lang='lat' dir='ltr'><strong>essequam</strong></span> <span class='ocrx_word' id='word_1_584' title='bbox 1609 4383 1755 4438; x_wconf 87' lang='lat' dir='ltr'><strong>commoda</strong></span> 
     </span>
     <span class='ocr_line' id='line_1_47' title="bbox 966 4468 1754 4543; baseline 0.006 -21"><span class='ocrx_word' id='word_1_585' title='bbox 966 4482 1037 4540; x_wconf 88' lang='lat' dir='ltr'><strong>quae</strong></span> <span class='ocrx_word' id='word_1_586' title='bbox 1060 4482 1097 4523; x_wconf 80' lang='lat' dir='ltr'><strong>ex</strong></span> <span class='ocrx_word' id='word_1_587' title='bbox 1119 4482 1216 4524; x_wconf 89' lang='lat' dir='ltr'><strong>earum</strong></span> <span class='ocrx_word' id='word_1_588' title='bbox 1240 4468 1362 4525; x_wconf 88' lang='lat' dir='ltr'><strong>amicitia</strong></span> <span class='ocrx_word' id='word_1_589' title='bbox 1387 4471 1545 4543; x_wconf 77' lang='lat' dir='ltr'><strong>perciplant.</strong></span> <span class='ocrx_word' id='word_1_590' title='bbox 1589 4471 1653 4527; x_wconf 86' lang='lat' dir='ltr'><strong>Non</strong></span> <span class='ocrx_word' id='word_1_591' title='bbox 1679 4472 1754 4527; x_wconf 75' lang='lat' dir='ltr'><strong>eamn</strong></span> 
     </span>
     <span class='ocr_line' id='line_1_48' title="bbox 170 4553 1754 4632; baseline 0.004 -23"><span class='ocrx_word' id='word_1_592' title='bbox 170 4554 291 4610; x_wconf 85' lang='lat' dir='ltr'><strong>Virtus</strong></span> <span class='ocrx_word' id='word_1_593' title='bbox 315 4558 357 4610; x_wconf 83' lang='lat' dir='ltr'><strong>esi</strong></span> <span class='ocrx_word' id='word_1_594' title='bbox 383 4554 461 4627; x_wconf 83' lang='lat' dir='ltr'><strong>vigor</strong></span> <span class='ocrx_word' id='word_1_595' title='bbox 480 4553 593 4628; x_wconf 86' lang='lat' dir='ltr'><strong>quidam</strong></span> <span class='ocrx_word' id='word_1_596' title='bbox 612 4555 721 4627; x_wconf 89' lang='lat' dir='ltr'><strong>mentis,</strong></span> <span class='ocrx_word' id='word_1_597' title='bbox 743 4569 797 4628; x_wconf 91' lang='lat' dir='ltr'><strong>quo</strong></span> <span class='ocrx_word' id='word_1_598' title='bbox 821 4554 859 4611; x_wconf 89' lang='lat' dir='ltr'><strong>ad</strong></span> <span class='ocrx_word' id='word_1_599' title='bbox 883 4571 916 4610; x_wconf 87' lang='lat' dir='ltr'><strong>ca</strong></span> <span class='ocrx_word' id='word_1_600' title='bbox 966 4558 1158 4628; x_wconf 83' lang='lat' dir='ltr'><strong>exspectantur</strong></span> <span class='ocrx_word' id='word_1_601' title='bbox 1170 4572 1188 4610; x_wconf 89' lang='lat' dir='ltr'><strong>a</strong></span> <span class='ocrx_word' id='word_1_602' title='bbox 1201 4557 1283 4613; x_wconf 89' lang='lat' dir='ltr'><strong>nobis</strong></span> <span class='ocrx_word' id='word_1_603' title='bbox 1297 4558 1351 4614; x_wconf 90' lang='lat' dir='ltr'><strong>nisi</strong></span> <span class='ocrx_word' id='word_1_604' title='bbox 1364 4559 1456 4615; x_wconf 83' lang='lat' dir='ltr'><strong>oilleia</strong></span> <span class='ocrx_word' id='word_1_605' title='bbox 1468 4576 1510 4630; x_wconf 88' lang='lat' dir='ltr'><strong>ea,</strong></span> <span class='ocrx_word' id='word_1_606' title='bbox 1525 4574 1595 4632; x_wconf 86' lang='lat' dir='ltr'><strong>quae</strong></span> <span class='ocrx_word' id='word_1_607' title='bbox 1610 4561 1754 4616; x_wconf 76' lang='lat' dir='ltr'><strong>commmle</strong></span> 
     </span>
     <span class='ocr_line' id='line_1_49' title="bbox 127 4637 1754 4722; baseline 0.003 -22"><span class='ocrx_word' id='word_1_608' title='bbox 127 4645 196 4716; x_wconf 87' lang='lat' dir='ltr'><strong>quae</strong></span> <span class='ocrx_word' id='word_1_609' title='bbox 209 4644 284 4700; x_wconf 88' lang='lat' dir='ltr'><strong>bona</strong></span> <span class='ocrx_word' id='word_1_610' title='bbox 297 4637 357 4699; x_wconf 79' lang='lat' dir='ltr'><strong>ease</strong></span> <span class='ocrx_word' id='word_1_611' title='bbox 370 4642 504 4699; x_wconf 85' lang='lat' dir='ltr'><strong>eredimus</strong></span> <span class='ocrx_word' id='word_1_612' title='bbox 519 4642 643 4699; x_wconf 76' lang='lat' dir='ltr'><strong>indenda</strong></span> <span class='ocrx_word' id='word_1_613' title='bbox 656 4642 776 4700; x_wconf 86' lang='lat' dir='ltr'><strong>ferimur.</strong></span> <span class='ocrx_word' id='word_1_614' title='bbox 876 4690 879 4697; x_wconf 91' lang='lat'>.</span> <span class='ocrx_word' id='word_1_615' title='bbox 965 4660 1109 4718; x_wconf 81' lang='lat' dir='ltr'><strong>possumus</strong></span> <span class='ocrx_word' id='word_1_616' title='bbox 1126 4648 1272 4719; x_wconf 76' lang='lat' dir='ltr'><strong>praestare,</strong></span> <span class='ocrx_word' id='word_1_617' title='bbox 1292 4662 1381 4719; x_wconf 90' lang='lat' dir='ltr'><strong>neque</strong></span> <span class='ocrx_word' id='word_1_618' title='bbox 1401 4648 1457 4703; x_wconf 89' lang='lat' dir='ltr'><strong>elia</strong></span> <span class='ocrx_word' id='word_1_619' title='bbox 1475 4647 1512 4703; x_wconf 90' lang='lat' dir='ltr'><strong>ab</strong></span> <span class='ocrx_word' id='word_1_620' title='bbox 1533 4647 1595 4703; x_wconf 90' lang='lat' dir='ltr'><strong>aliis</strong></span> <span class='ocrx_word' id='word_1_621' title='bbox 1614 4653 1754 4722; x_wconf 86' lang='lat' dir='ltr'><strong>exspecta·</strong></span> 
     </span>
     <span class='ocr_line' id='line_1_50' title="bbox 170 4730 1755 4810; baseline 0.003 -21"><span class='ocrx_word' id='word_1_622' title='bbox 170 4732 209 4789; x_wconf 87' lang='lat' dir='ltr'><strong>Ut</strong></span> <span class='ocrx_word' id='word_1_623' title='bbox 222 4747 289 4787; x_wconf 85' lang='lat' dir='ltr'><strong>vero</strong></span> <span class='ocrx_word' id='word_1_624' title='bbox 304 4730 440 4788; x_wconf 63' lang='lat' dir='ltr'><strong>dinamus</strong></span> <span class='ocrx_word' id='word_1_625' title='bbox 455 4735 529 4789; x_wconf 84' lang='lat' dir='ltr'><strong>oerto</strong></span> <span class='ocrx_word' id='word_1_626' title='bbox 547 4731 656 4788; x_wconf 80' lang='lat' dir='ltr'><strong>firmare</strong></span> <span class='ocrx_word' id='word_1_627' title='bbox 675 4731 845 4788; x_wconf 89' lang='lat' dir='ltr'><strong>voluntatem</strong></span> <span class='ocrx_word' id='word_1_628' title='bbox 865 4748 915 4788; x_wconf 90' lang='lat' dir='ltr'><strong>no-</strong></span> <span class='ocrx_word' id='word_1_629' title='bbox 965 4748 1042 4805; x_wconf 67' lang='lat' dir='ltr'><strong>mus,</strong></span> <span class='ocrx_word' id='word_1_630' title='bbox 1061 4748 1144 4809; x_wconf 88' lang='lat' dir='ltr'><strong>saepe</strong></span> <span class='ocrx_word' id='word_1_631' title='bbox 1170 4738 1260 4791; x_wconf 74' lang='lat' dir='ltr'><strong>musea</strong></span> <span class='ocrx_word' id='word_1_632' title='bbox 1279 4735 1337 4792; x_wconf 84' lang='lat' dir='ltr'><strong>fleri</strong></span> <span class='ocrx_word' id='word_1_633' title='bbox 1352 4740 1455 4810; x_wconf 80' lang='lat' dir='ltr'><strong>potest,</strong></span> <span class='ocrx_word' id='word_1_634' title='bbox 1475 4741 1508 4792; x_wconf 93' lang='lat' dir='ltr'><strong>nt</strong></span> <span class='ocrx_word' id='word_1_635' title='bbox 1525 4737 1600 4808; x_wconf 93' lang='lat' dir='ltr'><strong>quod</strong></span> <span class='ocrx_word' id='word_1_636' title='bbox 1618 4739 1682 4793; x_wconf 90' lang='lat' dir='ltr'><strong>aliis</strong></span> <span class='ocrx_word' id='word_1_637' title='bbox 1702 4738 1755 4792; x_wconf 89' lang='lat' dir='ltr'><strong>mi·</strong></span> 
     </span>
    </p>
   </div>
   <div class='ocr_carea' id='block_1_5' title="bbox 87 4818 1755 5259">
    <p class='ocr_par' dir='ltr' id='par_1_5' title="bbox 126 4818 1754 4899">
     <span class='ocr_line' id='line_1_51' title="bbox 126 4818 1754 4899; baseline 0.003 -22"><span class='ocrx_word' id='word_1_638' title='bbox 126 4825 211 4877; x_wconf 83' lang='lat' dir='ltr'><strong>stram</strong></span> <span class='ocrx_word' id='word_1_639' title='bbox 232 4819 269 4877; x_wconf 89' lang='lat' dir='ltr'><strong>ad</strong></span> <span class='ocrx_word' id='word_1_640' title='bbox 287 4818 441 4893; x_wconf 77' lang='lat' dir='ltr'><strong>dirigendas</strong></span> <span class='ocrx_word' id='word_1_641' title='bbox 467 4819 588 4877; x_wconf 86' lang='lat' dir='ltr'><strong>actiones</strong></span> <span class='ocrx_word' id='word_1_642' title='bbox 607 4825 715 4877; x_wconf 77' lang='lat' dir='ltr'><strong>nosuas</strong></span> <span class='ocrx_word' id='word_1_643' title='bbox 734 4821 764 4876; x_wconf 93' lang='lat' dir='ltr'><strong>in</strong></span> <span class='ocrx_word' id='word_1_644' title='bbox 783 4837 817 4877; x_wconf 91' lang='lat' dir='ltr'><strong>eo</strong></span> <span class='ocrx_word' id='word_1_645' title='bbox 842 4821 915 4878; x_wconf 89' lang='lat' dir='ltr'><strong>vitae</strong></span> <span class='ocrx_word' id='word_1_646' title='bbox 964 4821 1041 4878; x_wconf 75' lang='lat' dir='ltr'><strong>nuno</strong></span> <span class='ocrx_word' id='word_1_647' title='bbox 1059 4825 1181 4897; x_wconf 78' lang='lat' dir='ltr'><strong>sonabat,</strong></span> <span class='ocrx_word' id='word_1_648' title='bbox 1202 4823 1283 4881; x_wconf 90' lang='lat' dir='ltr'><strong>nobis</strong></span> <span class='ocrx_word' id='word_1_649' title='bbox 1297 4825 1418 4881; x_wconf 75' lang='lat' dir='ltr'><strong>marnam</strong></span> <span class='ocrx_word' id='word_1_650' title='bbox 1433 4826 1538 4899; x_wconf 86' lang='lat' dir='ltr'><strong>prosit,</strong></span> <span class='ocrx_word' id='word_1_651' title='bbox 1553 4825 1611 4882; x_wconf 91' lang='lat' dir='ltr'><strong>imo</strong></span> <span class='ocrx_word' id='word_1_652' title='bbox 1625 4831 1654 4882; x_wconf 87' lang='lat' dir='ltr'><strong>et</strong></span> <span class='ocrx_word' id='word_1_653' title='bbox 1667 4827 1754 4882; x_wconf 89' lang='lat' dir='ltr'><strong>vitam</strong></span> 
     </span>
    </p>

    <p class='ocr_par' dir='ltr' id='par_1_6' title="bbox 127 4908 1178 4985">
     <span class='ocr_line' id='line_1_52' title="bbox 127 4908 1178 4985; baseline 0.004 -21"><span class='ocrx_word' id='word_1_654' title='bbox 127 4924 233 4985; x_wconf 76' lang='lat' dir='ltr'><strong>genoe,</strong></span> <span class='ocrx_word' id='word_1_655' title='bbox 254 4908 328 4982; x_wconf 82' lang='lat' dir='ltr'><strong>quod</strong></span> <span class='ocrx_word' id='word_1_656' title='bbox 348 4910 519 4983; x_wconf 82' lang='lat' dir='ltr'><strong>profitemur,</strong></span> <span class='ocrx_word' id='word_1_657' title='bbox 544 4913 686 4982; x_wconf 86' lang='lat' dir='ltr'><strong>sequentes</strong></span> <span class='ocrx_word' id='word_1_658' title='bbox 710 4909 915 4966; x_wconf 86' lang='lat' dir='ltr'><strong>observationes</strong></span> <span class='ocrx_word' id='word_1_659' title='bbox 964 4911 1178 4984; x_wconf 77' lang='lat' dir='ltr'><strong>servampossit.</strong></span> 
     </span>
    </p>

    <p class='ocr_par' dir='ltr' id='par_1_7' title="bbox 87 4997 1755 5163">
     <span class='ocr_line' id='line_1_53' title="bbox 87 4997 1753 5076; baseline 0.004 -25"><span class='ocrx_word' id='word_1_660' title='bbox 87 5007 88 5010; x_wconf 74' lang='grc'>’</span> <span class='ocrx_word' id='word_1_661' title='bbox 126 4997 327 5054; x_wconf 80' lang='lat' dir='ltr'><strong>observantiae:</strong></span> <span class='ocrx_word' id='word_1_662' title='bbox 984 5015 988 5027; x_wconf 88' lang='lat'>·</span> <span class='ocrx_word' id='word_1_663' title='bbox 1011 4998 1038 5055; x_wconf 93' lang='grc'><strong>5.</strong></span> <span class='ocrx_word' id='word_1_664' title='bbox 1060 5000 1129 5056; x_wconf 77' lang='lat' dir='ltr'><strong>Sunt</strong></span> <span class='ocrx_word' id='word_1_665' title='bbox 1142 5001 1276 5072; x_wconf 85' lang='lat' dir='ltr'><strong>quaedam</strong></span> <span class='ocrx_word' id='word_1_666' title='bbox 1293 5017 1336 5058; x_wconf 84' lang='lat' dir='ltr'><strong>res</strong></span> <span class='ocrx_word' id='word_1_667' title='bbox 1355 5000 1385 5057; x_wconf 90' lang='lat' dir='ltr'><strong>in</strong></span> <span class='ocrx_word' id='word_1_668' title='bbox 1405 5000 1504 5073; x_wconf 85' lang='lat' dir='ltr'><strong>quibus</strong></span> <span class='ocrx_word' id='word_1_669' title='bbox 1525 5003 1599 5075; x_wconf 84' lang='lat' dir='ltr'><strong>vulgi</strong></span> <span class='ocrx_word' id='word_1_670' title='bbox 1624 5004 1753 5076; x_wconf 85' lang='lat' dir='ltr'><strong>exemplo</strong></span> 
     </span>
     <span class='ocr_line' id='line_1_54' title="bbox 174 5084 1755 5163; baseline 0.004 -23"><span class='ocrx_word' id='word_1_671' title='bbox 174 5085 430 5142; x_wconf 63' lang='lat' dir='ltr'><strong>tenuissumas</strong></span> <span class='ocrx_word' id='word_1_672' title='bbox 450 5101 507 5142; x_wconf 91' lang='lat' dir='ltr'><strong>non</strong></span> <span class='ocrx_word' id='word_1_673' title='bbox 531 5084 728 5142; x_wconf 85' lang='lat' dir='ltr'><strong>determinetm·</strong></span> <span class='ocrx_word' id='word_1_674' title='bbox 751 5085 787 5140; x_wconf 89' lang='lat' dir='ltr'><strong>ad</strong></span> <span class='ocrx_word' id='word_1_675' title='bbox 811 5086 915 5160; x_wconf 89' lang='lat' dir='ltr'><strong>aliquid</strong></span> <span class='ocrx_word' id='word_1_676' title='bbox 963 5087 1055 5163; x_wconf 86' lang='lat' dir='ltr'><strong>potius</strong></span> <span class='ocrx_word' id='word_1_677' title='bbox 1074 5093 1103 5144; x_wconf 84' lang='lat' dir='ltr'><strong>et</strong></span> <span class='ocrx_word' id='word_1_678' title='bbox 1126 5091 1333 5162; x_wconf 83' lang='lat' dir='ltr'><strong>consuetudine,</strong></span> <span class='ocrx_word' id='word_1_679' title='bbox 1356 5105 1441 5161; x_wconf 90' lang='lat' dir='ltr'><strong>quam</strong></span> <span class='ocrx_word' id='word_1_680' title='bbox 1466 5091 1523 5146; x_wconf 88' lang='lat' dir='ltr'><strong>nlla</strong></span> <span class='ocrx_word' id='word_1_681' title='bbox 1547 5095 1621 5147; x_wconf 84' lang='lat' dir='ltr'><strong>certa</strong></span> <span class='ocrx_word' id='word_1_682' title='bbox 1646 5092 1755 5148; x_wconf 88' lang='lat' dir='ltr'><strong>ratione</strong></span> 
     </span>
    </p>

    <p class='ocr_par' dir='ltr' id='par_1_8' title="bbox 127 5170 1754 5259">
     <span class='ocr_line' id='line_1_55' title="bbox 127 5170 1754 5259; baseline 0.006 -31"><span class='ocrx_word' id='word_1_683' title='bbox 127 5174 341 5246; x_wconf 84' lang='lat' dir='ltr'><strong>persequendum</strong></span> <span class='ocrx_word' id='word_1_684' title='bbox 362 5173 405 5231; x_wconf 88' lang='lat' dir='ltr'><strong>vel</strong></span> <span class='ocrx_word' id='word_1_685' title='bbox 419 5170 586 5248; x_wconf 81' lang='lat' dir='ltr'><strong>fugiendum,</strong></span> <span class='ocrx_word' id='word_1_686' title='bbox 606 5173 661 5229; x_wconf 88' lang='lat' dir='ltr'><strong>nisi</strong></span> <span class='ocrx_word' id='word_1_687' title='bbox 679 5177 813 5246; x_wconf 73' lang='lat' dir='ltr'><strong>quatenus</strong></span> <span class='ocrx_word' id='word_1_688' title='bbox 831 5176 857 5232; x_wconf 87' lang='lat' dir='ltr'><strong>ai</strong></span> <span class='ocrx_word' id='word_1_689' title='bbox 877 5176 913 5233; x_wconf 84' lang='lat' dir='ltr'><strong>ab</strong></span> <span class='ocrx_word' id='word_1_690' title='bbox 936 5200 940 5259; x_wconf 64' lang='lat' dir='ltr'><em>g</em></span> <span class='ocrx_word' id='word_1_691' title='bbox 964 5176 1098 5251; x_wconf 80' lang='lat' dir='ltr'><strong>dustram,</strong></span> <span class='ocrx_word' id='word_1_692' title='bbox 1116 5178 1190 5235; x_wconf 89' lang='lat' dir='ltr'><strong>unde</strong></span> <span class='ocrx_word' id='word_1_693' title='bbox 1207 5180 1246 5251; x_wconf 86' lang='lat' dir='ltr'><strong>tlt,</strong></span> <span class='ocrx_word' id='word_1_694' title='bbox 1267 5183 1300 5236; x_wconf 89' lang='lat' dir='ltr'><strong>ut</strong></span> <span class='ocrx_word' id='word_1_695' title='bbox 1318 5178 1387 5236; x_wconf 92' lang='lat' dir='ltr'><strong>illud</strong></span> <span class='ocrx_word' id='word_1_696' title='bbox 1407 5178 1480 5235; x_wconf 87' lang='lat' dir='ltr'><strong>idem</strong></span> <span class='ocrx_word' id='word_1_697' title='bbox 1498 5181 1573 5252; x_wconf 91' lang='lat' dir='ltr'><strong>quod</strong></span> <span class='ocrx_word' id='word_1_698' title='bbox 1595 5181 1675 5237; x_wconf 86' lang='lat' dir='ltr'><strong>nobis</strong></span> <span class='ocrx_word' id='word_1_699' title='bbox 1695 5196 1754 5238; x_wconf 90' lang='lat' dir='ltr'><strong>ma·</strong></span> 
     </span>
    </p>
   </div>
   <div class='ocr_carea' id='block_1_6' title="bbox 0 0 1858 5828">
    <p class='ocr_par' dir='ltr' id='par_1_9' title="bbox 0 0 1858 5828">
     <span class='ocr_line' id='line_1_56' title="bbox 0 0 1858 5828; baseline 0 0"><span class='ocrx_word' id='word_1_700' title='bbox 0 0 1858 5828; x_wconf 95' lang='lat' dir='ltr'><strong> </strong></span> 
     </span>
    </p>
   </div>
  </div>
 </body>
</html>
