3706 5828
151 320 195 390 54
677 330 724 389 IV.
751 330 927 387 liPlSTOLA
945 330 1000 386 ΑΙ)
1016 329 1248 387 'l'HOlilASlUltl

150 476 273 533 hominm
286 473 566 530 sorru'untextensrmr
579 488 708 542 esse,seu
722 471 818 528 vident
831 476 940 528 tantum
990 472 1144 545 Epistulam
1171 471 1233 542 ejns
1258 470 1293 528 dc
1319 472 1370 528 boc
1394 476 1557 544 argumento
1581 472 1625 528 lris
1649 473 1780 529 nurrdinis

152 560 335 667 (quamquam
360 575 454 617 revera
479 577 586 634 semper
609 560 646 615 sit
669 576 768 642 eorpus
792 564 825 620 et
840 561 940 616 babeat
990 562 1118 617 emissam
1137 559 1238 616 videris
1253 559 1360 634 opinor.
1381 560 1491 633 Accipe,
1506 562 1572 633 quid
1587 561 1656 618 mibi
1669 578 1732 618 eum
1744 579 1781 619 eo

152 634 357 713 dmrcunia'r’,
377 649 441 704 licet
461 650 543 705 nobis
561 649 764 721 anemonen,
780 649 941 723 perceptibi·
989 649 1142 721 contigerit.
1185 648 1405 722 (lonscrqrseram
1429 649 1579 722 aliquando
1608 666 1657 722 per
1680 651 1781 723 otium,

151 744 207 798 lem
220 747 316 796 tamen
334 739 488 794 intellectu:
494 738 509 808 )
531 737 560 793 id
578 753 638 792 non
651 737 745 793 statim
763 743 864 801 vocant
882 754 941 794 eor·
990 737 1168 793 tumultuaria
1181 743 1275 793 tamen
1288 754 1372 815 opera
1383 738 1413 793 ιιι
1426 738 1577 794 diversorio
1591 738 1659 794 duas
1673 739 1781 795 circiter

150 847 210 903 pus,
225 832 324 924 putant
338 826 413 884 enim
426 842 625 898 nonnunquam
635 843 694 881 esse
705 842 809 883 ureram
822 826 941 899 speciem
991 826 1122 899 plargides,
1133 826 1233 898 quibus
1246 827 1282 882 de
1295 826 1515 899 demonstranda,
1524 827 1607 882 solito
1621 828 1781 899 arenatius,

151 924 180 974 ιι
191 930 390 988 φαντασμα.
411 915 547 987 Quicquid
561 931 627 970 vere
641 931 699 970 non
712 915 810 971 vident
823 919 939 988 trmtmn,
991 915 1197 971 inmortalitate
1221 915 1341 987 animae,
1365 920 1395 970 et
1419 915 1566 971 existentia
1584 916 1637 972 Dei
1656 918 1781 989 agebam.

151 1007 200 1064 sed
220 1010 249 1061 et
264 1008 395 1076 tangrmt,
415 1003 515 1075 idest,
536 1003 566 1058 in
581 1019 637 1074 quo
652 985 850 1056 ἀνιιιυιὶαι
865 1019 942 1097 repe·
991 1004 1049 1059 llas
1062 1003 1326 1060 eommunimveram
1345 1003 1444 1060 amieo
1487 1004 1540 1059 Per
1553 1005 1625 1060 bunc
1639 1021 1736 1061 tenere
1750 1006 1781 1060 ιιι

151 1095 234 1167 rlrmt,
251 1094 281 1149 id
296 1098 395 1149 vocant
409 1109 515 1165 corpru,
531 1091 663 1164 quidquid
683 1107 749 1147 vero
763 1073 941 1160 ἀντιπιπιᾳ
992 1109 1089 1148 nmnrrs
1113 1092 1151 1165 pl.
1171 1092 1324 1149 Reverendi
1343 1091 1503 1165 Speneri,
1523 1093 1644 1149 Pastoris
1664 1094 1781 1150 Franco·

150 1188 233 1255 caret,
248 1182 276 1238 id
292 1186 393 1254 negant
407 1198 465 1237 esse
478 1197 584 1253 eorpus.
621 1181 655 1236 br
675 1180 782 1236 clrsobus
796 1179 879 1251 igitur
892 1179 941 1235 bo
992 1181 1153 1237 lmtensium
1166 1185 1278 1237 auctore
1290 1185 1384 1237 tamen
1394 1180 1682 1238 meritodissimulate.
1706 1184 1782 1255 Spe·

152 1273 239 1329 nrirres
253 1277 311 1327 tam
324 1269 679 1343 sapierrtcsquamldiotae
698 1271 827 1362 naturam
845 1284 941 1340 corpo-
992 1286 1095 1326 nerus
1124 1269 1280 1341 spizelio
1312 1269 1489 1341 transmittit,
1519 1270 1692 1343 Spizelirrs
1716 1287 1781 1327 snae

151 1362 191 1418 ris
209 1358 377 1416 collocent
368 1375 399 1413 ur
423 1357 584 1414 extensione
606 1362 635 1414 et
661 1336 842 1425 οίιντιιυιιιᾳ
858 1356 941 1417 sinurl
991 1358 1033 1414 illi
1047 1357 1179 1430 epistolae
1194 1358 1231 1413 ad
1249 1359 1328 1414 Ant
1347 1359 1543 1431 Reiserum,
1563 1359 1598 1415 de
1616 1359 1781 1416 eraclieando

151 1448 257 1520 sumtis,
278 1449 356 1504 illam
376 1447 508 1503 sumimus
529 1446 630 1519 armo,
650 1445 720 1501 hanc
733 1462 751 1500 a
765 1449 849 1517 tactu,
868 1445 942 1501 unde
991 1447 1124 1503 atheismo
1139 1458 1258 1519 nuperae
1272 1447 1319 1502 lini
1333 1447 1443 1519 adjecit,
1457 1448 1508 1503 sub
1523 1399 1618 1502 titulo·
1640 1449 1781 1504 Contes-

151 1536 394 1608 cxconjunetione
413 1535 553 1607 utriusque
573 1550 666 1590 sensus
685 1533 827 1590 eorfificari
846 1534 882 1590 de
900 1551 942 1589 re-
991 1536 1044 1591 sio
1063 1540 1211 1591 naturae
1229 1535 1556 1592 eontraAtbeistas.
1588 1536 1780 1609 Sedegonon

152 1629 203 1683 bus
216 1627 315 1698 selcut,
329 1624 405 1697 quod
419 1640 477 1679 non
490 1623 547 1679 sint
561 1623 760 1697 plmntasmattr.
788 1622 942 1678 Extensum
992 1625 1128 1697 improbo,
1149 1639 1244 1680 verum
1269 1624 1358 1697 (lolio,
1385 1623 1459 1696 qued
1484 1624 1688 1680 mendosissime
1712 1625 1781 1681 illud

151 1719 244 1772 autem
263 1732 321 1770 esse
340 1713 409 1769 nibil
428 1712 504 1768 aliud
524 1716 580 1785 est,
606 1728 689 1784 quam
709 1728 767 1767 esse
786 1710 818 1765 iu
836 1711 940 1783 sliatioq
991 1712 1120 1770 schedion
1135 1712 1296 1785 impressmn
1315 1717 1365 1768 est.
1398 1711 1527 1784 Inprimis
1547 1713 1644 1769 sorites
1664 1713 1711 1768 ille
1724 1730 1781 1784 quo

151 1785 328 1856 ἀντιτυπία
341 1807 392 1874 est,
412 1818 470 1858 uon
483 1817 563 1874 posse
575 1817 639 1856 cunr
652 1800 709 1855 alio
723 1816 781 1855 mse
800 1800 831 1854 in
844 1800 941 1856 eodem
991 1802 1178 1858 demonstrare
1195 1806 1308 1856 conatus
1328 1817 1389 1856 sum
1408 1801 1644 1857 inmortalitatem
1662 1801 1781 1873 animae,

151 1893 249 1966 spatio,
263 1891 312 1947 sed
325 1891 487 1946 alterutrum
501 1889 605 1945 moveri
620 1893 668 1944 aut
682 1888 818 1960 quiescere
831 1887 940 1946 debere.
991 1890 1103 1946 mutatis
1121 1889 1255 1946 linearum
1275 1889 1435 1963 initialibus,
1455 1889 1526 1945 mire
1544 1892 1717 1962 pertmbatus
1731 1896 1782 1946 ιιι.

152 1982 196 2037 Ex
210 1980 253 2036 bis
272 1983 357 2052 pretet,
376 1972 506 2034 naturam
520 1977 648 2050 Coqroris
666 1976 797 2032 constitui
816 1992 865 2048 per
886 1977 941 2032 m-
991 1977 1168 2052 Spizelius
1183 1979 1290 2050 latebu,
1306 1995 1336 2033 se
1349 1982 1488 2034 auctorem
1503 1979 1636 2050 ignorare.
1663 1980 1706 2034 De
1720 1979 1782 2051 ipsa

151 2069 307 2126 tensionem
325 2071 354 2123 ιι
368 2066 553 2138 Antitypiaur,
572 2081 709 2137 quumque
723 2063 792 2120 nihil
806 2064 842 2119 sit
857 2064 887 2120 in
900 2082 942 2121 re·
991 2066 1198 2124 demonstrandi
1221 2068 1329 2123 ratione
1349 2066 1486 2136 judicium
1505 2071 1642 2140 exspecto.
1686 2068 1782 2139 Neque

152 2159 204 2214 bus
217 2157 277 2213 sine
289 2172 380 2227 eausa
395 2155 464 2211 nilril
482 2154 567 2210 etiam
586 2155 652 2227 porri
673 2154 755 2210 debet
773 2153 805 2208 in
822 2153 943 2226 eoqrori·
992 2173 1057 2212 vero
1076 2155 1196 2228 laudem,
1215 2156 1265 2213 sed
1283 2171 1400 2212 examen
1418 2160 1493 2227 peto,
1513 2156 1623 2228 quando
1640 2157 1782 2229 religionis

152 2247 214 2319 bus,
229 2243 308 2314 arjos
320 2250 402 2300 eamn
415 2242 493 2300 reddi
507 2259 566 2298 non
585 2242 673 2316 pressit
685 2258 722 2298 ex
736 2241 832 2314 primis
847 2260 942 2298 eorum
992 2246 1114 2318 interest,
1129 2260 1187 2300 non
1201 2245 1383 2318 perfmretorie
1397 2244 1516 2316 delendi,
1536 2261 1693 2316 quanquam
1712 2245 1782 2300 inte

151 2331 347 2392 constitutivis.
381 2333 446 2387 Jam
463 2349 546 2389 causa
565 2348 602 2387 ex
623 2331 658 2387 iis
672 2330 749 2387 reddi
770 2346 827 2385 non
842 2336 940 2404 potest,
992 2334 1047 2390 rim
1061 2333 1090 2389 in
1105 2339 1220 2405 utruque
1234 2333 1315 2405 longe
1330 2333 1412 2388 altius
1427 2337 1581 2406 penetrasse
1596 2335 1662 2390 milri
1677 2334 1780 2390 vitlem.

151 2423 208 2479 nisi
222 2439 271 2496 per
291 2436 387 2478 eorum
407 2421 586 2477 definitiones.
631 2419 706 2475 Nihil
731 2419 814 2490 igitur
839 2437 942 2492 pencu-
992 2422 1087 2494 Neque
1105 2422 1180 2477 enim
1198 2438 1269 2493 quac
1283 2421 1319 2476 de
1333 2426 1464 2494 perpetua
1484 2421 1622 2479 creatione
1642 2423 1672 2478 in
1692 2427 1780 2494 motu,

151 2513 220 2569 dum
232 2514 275 2567 est
288 2511 318 2566 in
331 2509 501 2584 consoribus,
522 2509 597 2583 quod
616 2525 654 2564 cx
667 2507 826 2563 delinitione
840 2509 942 2564 Extcn·
992 2516 1021 2566 ct
1034 2510 1134 2566 intima
1147 2509 1218 2567 entis
1232 2510 1377 2583 cogitantis
1397 2526 1445 2566 seu
1465 2511 1566 2566 mentis
1584 2515 1682 2567 natura
1696 2511 1733 2567 ab
1747 2528 1782 2566 co

152 2599 596 2673 sionmetAntitypiaenontluat
618 2596 823 2653 Fluuutautcm
833 2601 941 2652 tanturn
992 2604 1116 2671 tempore
1129 2598 1196 2670 erui,
1212 2598 1268 2654 illis
1287 2597 1420 2671 leguntur.
1447 2599 1613 2671 Scripseram
1633 2599 1783 2671 aliquando

152 2705 189 2746 ex
208 2704 250 2760 ea,
271 2687 446 2759 magnitudo,
467 2687 566 2759 ligura,
588 2685 665 2757 situs,
681 2701 818 2758 numerus,
833 2686 942 2742 mobili·
993 2688 1044 2744 tibi
1058 2687 1093 2743 de
1105 2686 1248 2760 Sanctam,
1264 2687 1472 2760 quamquidam
1480 2688 1612 2744 Germani
1623 2688 1782 2744 moliantur.

153 2782 196 2834 tas
209 2781 261 2832 etc.
283 2775 392 2844 (ltlotus
406 2775 514 2849 ipsoex
528 2775 563 2830 iis
576 2790 634 2829 uon
648 2774 718 2847 tluit,
733 2774 807 2830 unde
819 2792 871 2830 nee
882 2792 942 2830 eor·
992 2777 1036 2832 lta
1049 2792 1108 2831 esse
1122 2775 1232 2832 docebit
1245 2776 1343 2832 edredo
1364 2776 1519 2847 geroianira
1537 2776 1643 2849 aliquot
1661 2777 1783 2849 plagula·

152 2882 221 2939 pora
235 2869 342 2920 motum
356 2865 458 2920 babent
476 2862 530 2918 nisi
549 2863 586 2918 ab
604 2861 794 2935 incorporeis).
837 2863 882 2920 Ex
900 2863 942 2918 bis
991 2881 1064 2936 rum,
1078 2864 1161 2920 titulo
1175 2864 1289 2937 Collegii
1303 2863 1497 2937 Philadelphiei
1510 2881 1528 2920 a
1539 2864 1668 2921 Goezio
1682 2865 1783 2922 biblio·

148 2953 210 3025 jmrr
224 2957 310 3027 patet,
324 2952 449 3010 omnium
466 2950 630 3023 qualitatum
650 2955 678 3007 et
692 2951 875 3007 mutationum
894 2966 942 3006 ιιι·
992 2954 1057 3026 pola
1071 2952 1155 3024 edita,
1169 2953 1218 3008 sed
1232 2952 1300 3008 mihi
1313 2969 1397 3008 snare
1410 2953 1549 3010 somnium
1568 2953 1684 3026 videtur,
1707 2954 1784 3009 velut

152 3043 330 3118 plicationcm
344 3057 380 3098 ex
399 3039 595 3112 magnitudine,
617 3039 712 3111 ligrna,
733 3045 811 3096 motu
828 3044 879 3096 etc.
899 3055 943 3094 su·
991 3043 1107 3098 societas
1132 3057 1225 3099 roseae
1249 3041 1360 3097 erucis·
1387 3042 1700 3099 Schurzlleiselrius
1724 3041 1781 3115 ille,

152 3133 289 3190 mendam.
323 3131 359 3188 Et
372 3130 501 3201 calorem,
520 3128 650 3199 colorem,
669 3133 720 3184 etc.
739 3145 798 3184 non
810 3129 865 3183 nisi
879 3129 943 3184 sub-
992 3131 1040 3203 qui
1053 3130 1127 3202 arrad
1141 3147 1191 3185 vos
1205 3133 1255 3202 est,
1270 3129 1380 3200 nrirum,
1395 3135 1529 3201 quantrmr
1548 3132 1578 3187 in
1592 3132 1727 3186 Parnasso
1741 3149 1783 3186 se

153 3223 215 3279 tiles
234 3226 325 3278 motus
345 3225 374 3276 et
392 3220 495 3292 figuras
515 3234 581 3273 esse.
621 3217 701 3280 Quod
725 3221 849 3290 srrperest
873 3217 943 3272 illud
992 3219 1126 3275 ditionem
1140 3219 1308 3274 excitaverit
1340 3218 1491 3275 l‘ervcllenr
1510 3221 1587 3292 scire,
1609 3220 1675 3291 quid
1690 3220 1783 3291 magni

152 3312 313 3368 contimrare
341 3309 445 3365 ausim:
479 3307 582 3378 Atheis,
612 3305 772 3376 δοιιιιιιιιιιι,
803 3305 940 3377 Sceptieis,
992 3307 1045 3362 viri
1059 3306 1133 3378 apud
1147 3324 1197 3361 vos
1217 3307 1252 3362 de
1265 3308 1317 3362 boe
1337 3307 1484 3379 specimine
1503 3309 1632 3379 sentiant,
1652 3308 1783 3380 aquibus

87 3415 90 3423 ·
152 3399 336 3471 Natmalistis,
352 3412 493 3469 uunquam
511 3395 567 3450 nisi
585 3395 733 3450 constituta
751 3394 802 3449 bae
823 3393 942 3466 pbiloso·
992 3395 1040 3452 illc
1054 3394 1167 3468 provebi
1180 3399 1280 3466 sperat.
1317 3395 1501 3453 Roeelerus
1515 3387 1556 3453 illi
1572 3398 1608 3453 ab
1623 3397 1686 3452 aula
1701 3395 1783 3462 mini,-

152 3490 218 3563 plria
231 3488 318 3544 solide
332 3502 472 3542 occursum
486 3484 534 3540 iri:
549 3500 633 3556 quam
644 3501 695 3555 ego
706 3484 828 3556 protecto
842 3498 942 3538 munus
993 3488 1074 3539 tatru.
1107 3483 1244 3539 itinerarii
1258 3483 1371 3555 politici,
1386 3485 1461 3555 qued
1480 3502 1554 3541 nuuc
1568 3485 1668 3558 prodit,
1687 3491 1783 3541 auctor

153 3579 206 3633 Dei
218 3577 301 3633 eredo
313 3579 438 3633 senectae
451 3573 548 3629 nrundi
561 3573 658 3628 datum
675 3572 750 3627 velut
769 3571 879 3627 unicam
901 3576 942 3626 ta·
992 3577 1036 3628 est
1053 3572 1126 3627 baud
1144 3571 1228 3627 dubie
1246 3572 1502 3643 Burgoldensis
1522 3573 1569 3628 ille
1582 3578 1783 3630 eomnrentator

153 3667 256 3739 bulam,
271 3681 370 3737 quase
384 3663 437 3718 viri
451 3663 491 3736 pii
506 3678 539 3717 ae
555 3661 702 3734 prudentes
716 3660 746 3715 ιιι
760 3659 942 3716 incumbentis
992 3661 1023 3716 in
1036 3661 1249 3717 instrumentum
1259 3661 1340 3733 praeis
1369 3662 1691 3733 Obstupscoandaeiam
1706 3662 1768 3717 riri.

153 3771 226 3810 nmre
240 3753 375 3809 Atlreisrui
388 3750 533 3823 naufragio
546 3749 679 3805 servaturi
689 3753 761 3804 sunt
787 3749 846 3822 ligo
857 3764 941 3820 quan·
1035 3749 1112 3805 XIV.
1134 3750 1215 3814 Quod
1225 3753 1357 3822 superest,
1368 3749 1418 3807 Vir
1432 3750 1590 3823 ιιιιιιιιιιιιι,
1602 3750 1666 3807 ideo
1677 3751 1712 3806 de
1722 3755 1783 3807 toto

153 3844 316 3913 talecunque
334 3840 401 3896 milri
423 3840 477 3895 luit
495 3839 532 3894 ab
552 3838 652 3910 exiguo
677 3843 800 3909 tempore
819 3837 942 3893 virorum
991 3839 1042 3894 boe
1056 3837 1166 3910 negotio
1182 3837 1266 3894 lusius
1281 3838 1316 3893 ad
1327 3838 1368 3894 Te
1382 3838 1505 3904 ιιιιιιιιιι,
1518 3839 1721 3910 quodjudieem
1735 3840 1783 3894 lra-

153 3932 295 3987 doetorum
308 3929 417 4000 notitia,
432 3928 558 3983 horresco
572 3930 665 3983 tamen
675 3926 782 3998 quotics
796 3927 896 3998 cogito,
911 3925 941 3981 iu
991 3943 1054 3982 rum
1068 3943 1160 3983 rerum
1174 3931 1202 3981 et
1216 3927 1389 3983 scientiorcm
1403 3933 1432 3983 et
1445 3927 1601 3999 aequiorem
1616 3928 1722 3982 nullum
1736 3928 1783 3983 ba·

153 4022 222 4092 quot
235 4017 316 4072 simul
331 4022 359 4073 et
372 4017 536 4088 ingeniosos,
556 4020 585 4071 et
604 4031 714 4088 quorsus
733 4015 827 4070 atheos
841 4014 942 4071 incide·
992 4017 1093 4071 berem.
1126 4016 1243 4081 Quando
1257 4021 1286 4071 et
1299 4031 1395 4071 onmes
1410 4020 1533 4072 veterurrr
1551 4033 1671 4072 recessus
1686 4017 1783 4072 lustra·

153 4107 215 4164 rim.
239 4107 275 4161 nt
288 4106 386 4161 volitat
400 4121 449 4176 per
463 4120 560 4159 manus
573 4104 717 4160 bominum
730 4104 858 4159 Bodini
872 4102 942 4159 liber
992 4104 1038 4176 sti,
1051 4108 1079 4159 et
1094 4104 1275 4160 recentiorum
1289 4105 1409 4176 inventa,
1425 4106 1536 4176 quando
1557 4110 1704 4175 urerentur,
1725 4122 1783 4160 ιιοιι

154 4195 282 4267 ineditus,
298 4192 396 4265 (atque
416 4192 531 4263 utinam,
552 4197 583 4248 ut
601 4209 665 4248 cum
683 4191 845 4248 Naudaco
866 4196 941 4264 opto,
992 4192 1161 4264 aspernaris3
1180 4197 1263 4264 atque
1281 4193 1344 4247 illos
1365 4192 1515 4265 illustrare,
1542 4194 1592 4248 bos
1612 4193 1781 4265 ιιιιιιιιιιιιι,

154 4299 294 4355 nunquam
307 4280 452 4352 ιιιιιιιιιι),
468 4279 578 4352 grandis
592 4285 673 4354 certe,
695 4297 777 4354 quem
790 4280 838 4336 ille
852 4284 940 4351 vocat,
992 4297 1062 4336 unu
1082 4281 1206 4336 omnium
1225 4281 1330 4353 optime
1348 4285 1434 4353 potes.
1478 4282 1562 4337 Recte
1577 4281 1782 4354 enimjudieas,

153 4388 253 4429 aroana
267 4370 435 4439 sublimium,
452 4367 481 4423 in
496 4384 551 4440 quo
566 4372 702 4439 professus
720 4369 808 4425 bostis
825 4373 868 4424 est
880 4366 943 4424 reli·
992 4369 1044 4425 etsi
1059 4386 1148 4425 novae
1161 4369 1313 4425 sententiae
1326 4371 1507 4442 proferantur,
1519 4385 1666 4441 earmnque
1681 4370 1784 4426 veritas

154 4460 243 4534 gionis
269 4458 446 4514 decumae
496 4455 624 4510 Vauini
649 4458 750 4528 dialogi
776 4457 856 4513 ludus
880 4459 943 4511 sunt
993 4457 1195 4513 evidentissime
1209 4457 1377 4529 ostendatur,
1392 4475 1409 4513 a
1424 4458 1538 4531 receptis
1560 4462 1653 4514 tamen
1673 4458 1784 4530 publice

154 4550 178 4605 si
191 4551 390 4621 comparentur.
423 4544 489 4617 legi
509 4560 567 4598 non
581 4545 771 4616 perfunctorie,
791 4550 820 4601 et
833 4546 893 4601 Deo
907 4560 944 4600 ox
994 4546 1106 4602 vocibus
1119 4545 1169 4601 vin
1183 4562 1304 4618 unquam
1318 4563 1376 4601 mse
1389 4547 1555 4620 abeundum,
1579 4546 1691 4618 quodsi
1707 4547 1784 4603 secis-

130 4639 250 4699 ,auium
264 4635 365 4709 gratias
380 4649 441 4705 ago,
457 4633 532 4705 quod
550 4631 585 4687 iis
599 4648 644 4687 me
664 4633 807 4704 praesidiis
826 4633 943 4707 pbiloso-
993 4639 1056 4690 sent
1074 4634 1240 4708 Sdrolastici,
1267 4651 1325 4689 non
1351 4634 1543 4691 laboraremus.
1580 4636 1657 4705 Vale,
1678 4636 1784 4707 patriae

155 4727 278 4801 phire(
262 4724 309 4796 (in
328 4738 383 4794 qua
401 4720 524 4793 ingratus
542 4720 609 4819 sim,
623 4720 647 4775 si
667 4720 718 4776 tibi
739 4722 826 4777 ruulta
844 4722 944 4779 debere
993 4723 1084 4796 decus,
1100 4728 1128 4779 et
1143 4726 1189 4778 tua
1203 4723 1341 4796 praeclare
1354 4723 1474 4795 cogitata
1496 4741 1552 4778 non
1566 4723 1689 4793 alisolce,
1711 4723 1784 4796 (ple-

155 4815 268 4887 ncgcm)
281 4809 449 4881 instruxerit,
465 4808 565 4881 quibus
584 4806 644 4876 ojus
663 4809 719 4864 tela
737 4809 813 4865 nullo
832 4810 942 4882 negotio
993 4811 1165 4884 nequeenim
1179 4816 1209 4866 ct
1221 4816 1319 4884 coepta
1338 4811 1419 4867 simul
1439 4816 1468 4867 ιι
1488 4814 1607 4885 perlecta
1631 4816 1696 4867 sunt
1720 4829 1784 4867 rara

114 4884 117 4899 ’
155 4903 253 4978 repuli.
289 4898 453 4957 laudandus
473 4900 515 4952 est
528 4896 568 4952 Cl
587 4896 731 4970 Spinelii
753 4898 840 4969 labor,
860 4914 942 4971 quern
994 4899 1096 4971 iirgerrii
1112 4898 1257 4969 felicitate)
1272 4899 1320 4956 sed
1334 4900 1398 4957 ede:
1420 4902 1553 4958 Dabam
1568 4901 1596 4956 d.
1612 4893 1654 4977 {3
1671 4900 1783 4974 April.

156 4993 204 5048 ille
226 4988 390 5048 eudendo
413 4985 549 5051 atheismo
578 5000 651 5041 nunc
675 5000 768 5041 rursus
798 4985 941 5059 impendit.
997 4988 1089 5045 1669.
