3706 5828
174 362 240 430 742
298 336 301 342 ’
610 362 710 423 xevr.
753 357 899 425 noers
919 362 1046 424 nomas
1066 362 1243 425 mnium
1265 362 1365 425 xxa
1539 382 1551 393 ·
1798 35 1813 465 Ι

177 512 231 587 eit,
256 509 339 567 utin
353 508 514 566 seinvicem
528 522 584 565 non
603 508 701 581 agant,
714 520 779 565 eum
797 520 976 581 unaquaeque
996 520 999 531 ·
1016 524 1067 567 rae
1080 506 1266 581 substantiae,
1291 506 1351 565 sive
1374 505 1533 583 simplicis,
1563 507 1631 565 sice
1659 510 1810 583 compos'ur

178 600 296 658 solidat
315 597 460 670 omnibns,
485 612 557 670 quae
577 596 607 653 in
621 596 683 671 ipsa
696 596 875 670 contingant3
899 597 975 671 quie·
1016 596 1236 671 generationem,
1257 598 1287 653 et
1299 597 1510 671 corruptionem
1524 597 1621 671 tollo,
1644 599 1716 671 quia
1728 593 1809 659 nau}

179 688 246 764 quid
261 689 290 744 in
304 687 374 761 ipsis
388 685 473 743 addes
486 686 570 743 inane
584 687 633 741 est.
1016 687 1164 761 emaarias,
1188 700 1241 741 nce
1259 685 1439 758 explicabilcs
1459 702 1528 743 csse
1543 686 1682 761 reperi03
1703 686 1808 761 atann

222 777 339 843 Quaeris
358 774 485 847 tandem,
505 790 555 848 per
567 772 644 846 quod
657 786 720 829 mea
734 772 888 830 substantia
902 788 977 831 eom·
1017 774 1222 850 philosophiam
1235 773 1317 830 istam
1330 774 1484 831 innumeris
1498 774 1729 833 difficultatibus
1740 776 1797 835 bbsc

177 865 270 941 posita
283 864 395 921 dill‘erat
409 863 446 921 ab
461 862 625 920 Entelcehia
668 861 739 918 Dico
753 862 838 919 absa
852 878 908 919 nou
921 862 976 919 dit·
1016 863 1071 921 Sed
1091 864 1133 919 ita
1150 862 1335 921 substantiam
1357 878 1544 939 corpoream,
1575 880 1630 921 scu
1653 868 1800 941 compositu

179 956 265 1029 terre,
290 954 347 1011 nisi
369 956 401 1009 ut
415 955 506 1010 totum
518 968 537 1008 a
551 955 645 1025 parta,
659 964 708 1007 scu
722 950 906 1027 Entclcclriam
921 950 977 1024 pri·
1017 952 1153 1025 restringo
1171 951 1210 1015 ad
1228 953 1289 1009 sola
1306 952 1443 1011 viventia.
1468 968 1524 1009 seu
1539 952 1584 1009 ad
1604 954 1687 1011 solas
1700 954 1801 1013 mam·

177 1058 256 1101 mam
280 1040 442 1114 compositi,
469 1056 529 1096 esse
553 1042 661 1113 partem
685 1040 895 1097 constitutivam
912 1038 976 1096 snb·
1018 1044 1133 1098 naturae
1158 1039 1307 1111 orgamem
1350 1040 1466 1099 Caetera
1492 1042 1574 1098 milri
1601 1048 1676 1099 sunt
1696 1060 1819 1114 merare

178 1132 299 1190 stantiae
317 1129 498 1205 compositae,
525 1144 625 1202 nempe
645 1128 704 1184 vim
721 1128 841 1186 activam
856 1126 976 1202 primiti·
1018 1134 1131 1203 gregata
1151 1128 1384 1203 substantiarum,
1405 1144 1478 1203 quae
1495 1130 1624 1205 appello
1638 1134 1803 1191 absumta

178 1236 252 1278 vana
295 1218 349 1283 Sed
373 1217 465 1274 differt
489 1234 508 1274 a
525 1216 659 1290 Monada,
684 1216 750 1289 quia
775 1222 818 1274 est
842 1218 978 1273 realiaaus
1018 1221 1195 1291 aggregatum
1206 1233 1272 1275 vero
1281 1218 1526 1275 noneonetuitnisi
1533 1236 1632 1277 unum
1645 1222 1803 1295 praraeeidm

179 1310 384 1382 plraenonrena3
408 1306 540 1365 dlorradcs
554 1322 619 1363 vcro
633 1304 751 1362 existere
771 1309 902 1380 possunt,
924 1304 977 1361 eut
1064 1308 1109 1365 Ad
1124 1323 1166 1381 ea,
1181 1322 1252 1379 quaa
1265 1306 1300 1362 da
1314 1306 1423 1381 punctis
1436 1306 1623 1367 Zenoniia
1637 1310 1819 1388 disistiadlat

178 1412 295 1471 eorprma
316 1411 373 1453 nou
392 1398 497 1467 ment,
518 1394 573 1451 nisi
587 1394 786 1451 Phaenomcna
830 1394 977 1451 Caeterum
1019 1410 1054 1451 ea
1067 1410 1125 1452 non
1139 1412 1200 1453 essa
1213 1395 1269 1451 nisi
1284 1394 1433 1469 terminos,
1456 1396 1559 1469 itaque
1575 1398 1653 1456 nilril
1670 1416 1820 1477 compuncta

178 1485 338 1543 Enteleclria
362 1485 532 1558 compositae
558 1482 728 1540 substantiae
752 1498 862 1556 semper
881 1498 977 1538 mona·
1018 1500 1115 1559 posse:
1135 1482 1184 1541 sed
1198 1488 1228 1541 ct
1245 1483 1378 1541 monades
1398 1485 1475 1541 solae
1493 1486 1677 1545 continuum
1692 1504 1745 1545 nun
1755 1490 1818 1547 αι’

179 1574 244 1632 dem
281 1590 360 1631 suam
394 1574 584 1631 dominantem
620 1572 782 1629 naturaliter
814 1572 976 1628 comitatur:
1018 1578 1137 1647 ponent,
1156 1588 1221 1629 cum
1240 1588 1290 1647 per
1309 1589 1339 1629 se
1358 1577 1473 1629 careant
1486 1574 1575 1631 omni
1598 1592 1681 1635 nexu
1699 1578 1804 1650 pann

177 1662 215 1721 Et
228 1664 284 1737 ita,
300 1664 324 1719 si
340 1656 439 1719 dionae
454 1666 579 1719 sunratur
593 1676 657 1718 enm
671 1659 838 1736 Enteteenia,
853 1660 975 1717 eontine-
1018 1676 1116 1719 monas
1129 1666 1173 1717 est
1187 1664 1317 1732 tanquam
1332 1659 1450 1717 mundus
1463 1668 1632 1736 separatur.
1678 1666 1719 1722 nt
1732 1666 1758 1723 in
1769 1682 1804 1723 ne

80 1806 84 1812 .
178 1751 221 1809 bit
234 1754 352 1808 tonnam
367 1751 563 1808 snbsantialem
577 1750 713 1806 animalis.
1018 1750 1089 1807 teria
1106 1750 1198 1824 prima
1216 1748 1304 1818 (narn
1317 1749 1435 1806 seeuuda
1448 1758 1648 1825 aggregatum
1661 1757 1724 1824 est)
1742 1757 1803 1811 seui

220 1841 268 1898 Nil
283 1840 412 1915 prolribet
425 1841 491 1913 quin
503 1840 578 1895 Falto
593 1838 681 1913 possit
693 1854 754 1894 csse
765 1836 976 1894 tundamentum
1018 1839 1129 1912 passivo
1142 1838 1311 1895 substantiae
1323 1838 1496 1909 compositae
1517 1839 1688 1899 involvitur
1699 1846 1803 1901 continu

173 1930 302 2002 aliorum,
317 1929 478 2003 praesertim
491 1928 516 1984 si
531 1927 569 1983 sit
583 1928 657 1983 Eelro
670 1925 829 2001 ammiralis.
993 1900 998 2009 Ι
1017 1927 1084 1985 tatis
1094 1926 1315 1997 tundamentum,
1334 1925 1409 1983 unde
1428 1942 1529 1984 vcrnm
1551 1930 1653 1987 oritur
1671 1934 1800 1989 conatam

220 2019 250 2075 Si
265 2018 398 2075 monades
411 2018 535 2085 rigorose
549 2014 702 2089 loquendo,
723 2012 885 2071 substantiis
899 2028 974 2069 eom·
992 2012 997 2105 l
1017 2033 1054 2073 ex
1067 2015 1228 2073 substantiis
1250 2014 1411 2087 compositis
1433 2012 1519 2084 juxta
1542 2034 1578 2073 sc
1593 2022 1715 2096 positis,
1795 2038 1804 2075 a

176 2107 276 2181 positis
289 2105 430 2179 accidunt,
449 2106 501 2163 etsi
515 2105 571 2161 sint
591 2103 754 2161 naturaliter
768 2104 804 2159 iis
817 2117 974 2177 connexae,
992 2108 996 2131 ¹
1017 2106 1079 2161 Deo
1092 2104 1336 2178 supernaturaliter
1349 2103 1464 2161 tollatur
1477 2108 1635 2183 extensio,
1650 2110 1749 2169 ordine
1759 2112 1805 2167 ine

176 2194 250 2251 vello
263 2198 295 2251 ut
307 2194 359 2251 trae
377 2194 524 2267 tollantur,
544 2199 586 2250 ast
604 2190 842 2267 scrupulositatem
856 2192 976 2248 Gracco·
993 2148 997 2251 Ι
1016 2193 1196 2251 coexistentia
1209 2192 1258 2249 illa
1278 2207 1351 2265 qnae
1370 2208 1401 2249 aa
1419 2198 1578 2267 penetrare
1599 2206 1749 2257 cenentur
1765 2199 1806 2257 sat-

176 2298 239 2341 turn
254 2283 428 2356 quomndanr
442 2298 583 2357 renovare,
598 2283 646 2356 qui
660 2282 745 2338 etiam
760 2282 911 2339 accidentia
925 2296 973 2354 pa·
993 2298 996 2355 ,
1017 2283 1083 2340 lato.
1133 2281 1169 2337 lit
1194 2282 1247 2339 lroe
1271 2298 1356 2339 sensu
1380 2282 1504 2340 tortasse
1525 2284 1612 2360 dixi,
1640 2292 1808 2347 extensiones

176 2372 220 2429 nis
240 2377 269 2429 ct
290 2372 348 2428 vini
362 2374 469 2429 sublata
483 2386 543 2428 esse
555 2371 734 2437 contendunt.
777 2368 902 2442 Denique
916 2384 974 2425 non
991 2361 996 2487 Ι
1015 2388 1075 2429 esse
1094 2369 1473 2517 ηιοάἰῗίίοηοωᾶᾞαὶοτίαο
1487 2374 1608 2446 primae
1611 2394 1697 2523 {affin
1710 2380 1808 2435 tornat

176 2467 242 2519 sunt
262 2478 277 2517 a
299 2461 387 2517 aenda
405 2461 537 2518 miracula
570 2464 660 2517 ractcr
673 2458 874 2516 necessitatem.
918 2458 973 2513 Rc-
991 2498 995 2507 .
1014 2463 1057 2517 ter
1075 2474 1188 2516 non-ex
1217 2462 1270 2515 nsi.
1405 2475 1439 2516 oe
1517 2478 1554 2519 us
1577 2479 1610 2521 nr
1680 2468 1755 2525 itatis
1771 2484 1810 2523 ure

176 2568 243 2608 verre
261 2478 391 2607 muduades
409 2478 605 2625 pertinentpad
625 2548 807 2622 quantitatem
828 2561 912 2620 quam
926 2560 971 2603 sn·
1013 2548 1091 2606 dinnr
1111 2552 1155 2605 est
1174 2548 1247 2604 inter
1260 2548 1395 2605 attributa
1411 2476 1599 2628 megdntialia,
1622 2562 1655 2612 ct
1667 2558 1810 2614 recidentia.

175 2656 285 2715 peresso
304 2640 460 2697 Scholastici
481 2639 536 2715 ipsi
557 2638 663 2697 volunt.
708 2636 773 2693 Non
787 2642 830 2692 est
844 2650 970 2710 parrum,
1013 2636 1138 2695 consistit
1150 2637 1227 2693 enim
1241 2638 1271 2692 in
1284 2638 1420 2695 attributo
1433 2640 1562 2698 naturali
1579 2652 1733 2721 perperna,
1752 2644 1812 2721 qml

175 2729 204 2786 id
220 2744 303 2789 omne
317 2729 414 2786 adesse
427 2728 511 2785 unius
526 2727 711 2801 snbstantias,
732 2726 829 2782 abesse
847 2724 970 2797 alterius,
991 2724 994 2753 ¹
1013 2726 1137 2784 nonnisi
1151 2726 1395 2798 supernaturaliter
1407 2728 1518 2785 mutari
1532 2736 1638 2805 protest.

172 2818 250 2889 rpuod
270 2818 460 2891 phaenomena
472 2816 593 2873 realirat.
637 2815 774 2873 Breviter:
796 2830 833 2871 ex
847 2813 890 2869 lris
903 2812 970 2868 dua-
989 2770 994 2895 Ι
1056 2812 1209 2871 Credebam
1223 2828 1285 2887 ego,
1300 2818 1328 2871 et
1342 2830 1393 2887 pro
1406 2820 1488 2872 certo
1504 2818 1559 2875 tibi
1572 2822 1748 2896 scripmram,
1762 2822 1813 2879 La·

174 2904 228 2961 bus
257 2905 440 2977 positionibus
477 2906 537 2961 dari
567 2902 751 2961 substantiam
778 2901 970 2976 compositam,
988 2898 992 2925 ³
1013 2902 1166 2959 nrindnm
1185 2901 1383 2959 Pritanium
1401 2918 1465 2960 esse
1492 2904 1711 2966 Bernartam
1736 2911 1815 2967 Τη-

174 2992 372 3065 plraenomenis
386 2995 538 3051 tantitatem
553 2993 731 3064 tribuentem,
746 2994 775 3047 et
789 2990 970 3047 substantiam
1013 2992 1170 3047 visanum
1191 2990 1325 3048 Nobilem
1338 2992 1486 3049 Venetam.
1533 2996 1590 3053 Sed
1610 2998 1664 3055 hoe
1685 3014 1772 3073 nuper
1790 3001 1813 3056 in

175 3082 351 3156 naturaliter,
368 3098 418 3139 nee
433 3083 509 3157 oriri,
524 3098 575 3137 nee
589 3079 722 3153 occidere,
739 3094 801 3135 mea
814 3081 912 3135 cuneta
926 3077 970 3133 lrie
1011 3079 1127 3137 dubium
1140 3081 1251 3136 vocavit
1265 3080 1433 3137 Diumalista
1448 3082 1594 3162 batavus,
1611 3088 1663 3161 qui
1677 3087 1810 3145 Laetori

173 3174 390 3242 consequuntur,
422 3184 588 3243 quamquam
612 3184 708 3224 revera
733 3183 770 3223 cx
794 3166 855 3223 sola
879 3166 969 3239 prima
1011 3184 1086 3225 cunr
1106 3168 1346 3228 litteratorium
1360 3170 1617 3233 Comaclriensibus
1631 3194 1688 3251 pro
1701 3178 1808 3235 blutiru

173 3259 320 3332 positione,
336 3274 384 3313 sen
399 3275 434 3314 ex
449 3260 509 3314 solo
523 3257 675 3331 postulato,
691 3255 767 3327 qnod
781 3255 969 3329 phaenomena
1011 3257 1088 3314 Duce
1101 3258 1210 3331 seriptis
1224 3262 1330 3331 notum,
1344 3262 1487 3315 auctorem
1502 3262 1583 3320 tacit,

173 3346 294 3404 balnant
311 3346 467 3403 realitatcnr
488 3349 568 3403 extra
588 3344 739 3419 percipiens
760 3344 884 3401 videatur
904 3348 969 3401 tunc
1054 3346 1135 3411 Quod
1149 3346 1288 3403 hominem
1303 3348 1332 3404 in
1346 3348 1532 3407 conversione
1546 3351 1654 3425 glaciei
1670 3356 1810 3429 qnaotnn

172 3434 356 3493 demonstrari
376 3452 459 3510 posse
479 3434 656 3507 Philosophia
676 3434 858 3507 Peripatetico
878 3448 968 3489 emen·
1010 3435 1087 3506 gitur
1105 3436 1278 3509 comparavi,
1305 3436 1495 3509 accipiendum
1517 3446 1564 3497 cst
1584 3460 1644 3517 pro
1666 3452 1761 3501 rmtnra
1771 3458 1811 3500 ‹u-

171 3524 245 3582 elata.
288 3524 361 3581 Nam
374 3524 450 3598 qnod
463 3524 617 3582 substantia
630 3538 687 3580 non
701 3523 821 3597 oriatur,
836 3538 885 3580 nce
899 3521 968 3578 occi·
1007 3524 1108 3597 Jusqne
1121 3523 1246 3593 subjecti.
1291 3525 1469 3599 Resistcntia,
1490 3542 1568 3603 qnae
1590 3532 1625 3589 in
1648 3534 1811 3607 norntrreprr

171 3612 237 3689 dot,
258 3615 302 3669 rcl
317 3631 355 3671 ex
368 3631 403 3671 ce
418 3614 513 3671 eonlrci
527 3614 636 3689 potest,
653 3612 720 3685 qnia
733 3612 803 3668 alias
817 3610 968 3668 incidemus
1010 3614 1128 3685 gratiam
1152 3618 1309 3688 separatur,
1333 3619 1375 3670 est
1401 3614 1512 3689 vitalis,
1539 3634 1610 3675 cunr
1639 3626 1770 3680 consistat
1787 3623 1809 3677 in

171 3700 201 3757 in
228 3704 429 3776 perplexitates.
475 3704 519 3759 Ex
544 3702 587 3759 his
607 3716 691 3774 porro
711 3700 800 3758 oritur
820 3700 966 3757 discrimen
1010 3700 1184 3777 praejudiciis
1197 3701 1362 3777 intellectus,
1376 3707 1405 3759 ct
1419 3703 1601 3777 passionibus
1617 3710 1775 3771 voluntatis

172 3792 286 3847 torrrrale
316 3793 388 3849 intcr
413 3790 597 3847 substantiam
621 3791 819 3863 compositam,
852 3794 881 3845 et
907 3804 967 3845 mo-
1054 3790 1149 3863 Rogo,
1175 3795 1206 3846 ut
1220 3790 1285 3847 data
1299 3791 1458 3866 occasione,
1484 3794 1636 3855 salutandi
1653 3798 1809 3859 Donrirdde

170 3879 286 3953 nadcm,
314 3894 462 3953 rursusque
481 3880 553 3937 inter
573 3878 757 3935 substantiam
776 3877 966 3951 compositam,
986 3947 989 3953 Ι
1010 3878 1256 3951 cochenlreim,
1278 3884 1306 3936 et
1326 3896 1418 3937 rernm
1439 3882 1600 3943 Sinmrsium
1624 3894 1659 3947 et
1684 3891 1808 3967 ,palm

136 3975 143 3987 ‘
170 3970 198 4021 ct
218 3974 409 4041 aggregatum
439 3974 522 4042 atque
548 3968 633 4024 etiam
657 3965 868 4040 independentia
892 3982 968 4023 eorn-
986 3958 990 4027 Ι
1009 3968 1097 4041 sium,
1124 3974 1208 4039 atque
1226 3968 1311 4024 ctiam
1326 3970 1359 4025 R.
1375 3968 1406 4025 Ρ.
1422 3970 1607 4031 Fonsecae
1635 3978 1709 4037 mihi
1731 3978 1809 4037 eonci-

170 4055 683 4130 positaeabingrcdientibus,aquibus
693 4055 847 4129 composita
856 4055 967 4127 dieitur,
1009 4056 1095 4113 lianrli
1117 4072 1303 4113 memorasse
1323 4057 1402 4114 ralis.
1445 4058 1527 4119 Circa
1546 4064 1644 4123 libros
1666 4070 1707 4127 ob
1725 4068 1808 4125 abeas

170 4143 222 4199 elsi
231 4145 573 4218 exiisnonsitaggrcgata.
587 4144 967 4219 Atqnehinectiamsubstan-
1009 4146 1077 4203 tiam
1087 4144 1175 4202 dulae
1186 4148 1399 4205 nunernandata
1411 4148 1519 4207 tardius
1527 4150 1687 4231 habentur,
1698 4172 1808 4234 parm

171 4230 252 4303 tiam,
268 4248 301 4290 ac
322 4235 412 4308 ipsam
425 4235 607 4307 compositam
623 4230 721 4312 (verbi
732 4234 820 4307 gratia
835 4234 966 4307 hominis,
1009 4234 1133 4291 tirncmn
1148 4235 1250 4310 Regem
1265 4236 1465 4311 primariosqua
1478 4238 1630 4301 Ministros
1647 4264 1793 4321 memus
1850 4306 1852 4317 Ι

169 4318 315 4397 animatis)
334 4323 575 4380 eandemnnmcro
589 4322 967 4397 maneredicimus,nontnn·
1053 4324 1180 4394 cogitavi
1204 4324 1355 4397 aliqnando
1380 4326 1447 4399 quid
1471 4327 1521 4385 nni
1546 4346 1585 4387 ex
1606 4336 1715 4393 vestris
1728 4338 1808 4394 Μ

170 4412 231 4465 tum
242 4416 413 4485 apparenter,
424 4414 471 4469 scd
483 4418 511 4469 ct
523 4428 594 4486 vere,
604 4413 655 4468 etsi
662 4410 968 4485 ingrcdentiepsrpetno
1009 4412 1076 4469 dnm
1096 4415 1184 4487 toret,
1210 4412 1257 4485 qui
1278 4430 1390 4471 omnem
1409 4416 1597 4476 substantiam
1618 4426 1807 4499 compositam

171 4502 323 4573 mutentur,
344 4505 373 4556 ct
393 4502 448 4558 sint
473 4501 650 4558 incontinua
670 4502 770 4558 Elnxu.
815 4499 851 4555 lit
871 4500 968 4556 sicin·
1010 4518 1058 4558 sen
1076 4516 1161 4557 omne
1178 4501 1312 4559 realisans
1332 4504 1536 4581 phaenomena,
1561 4512 1705 4585 tanquam
1724 4530 1808 4588 „pfl-

170 4586 312 4659 gredcnlia
331 4590 406 4661 ipsa,
428 4604 562 4663 ponamus
577 4606 594 4645 a
609 4590 762 4647 substantia
776 4604 827 4661 per
839 4594 968 4645 naturam
1011 4592 1114 4647 tunam
1128 4588 1226 4647 tollere
1238 4592 1329 4649 rellet
1352 4592 1413 4651 lloe
1425 4594 1527 4670 posito,
1542 4598 1706 4660 substantia
1719 4618 1809 4677 eorpu-

170 4678 292 4751 separari
307 4678 449 4752 paulatim,
464 4684 493 4735 et
507 4678 701 4752 particulatim,
717 4676 812 4751 quidni
827 4678 967 4753 admittas,
1010 4678 1049 4736 ris
1068 4678 1156 4753 ipsius
1176 4680 1335 4737 consisteret
1354 4682 1384 4738 in
1403 4684 1604 4757 phaenomenis
1617 4690 1808 4763 comtimtirie

168 4782 219 4841 per
232 4766 394 4825 miraculum
409 4768 611 4841 separationem
624 4772 656 4825 ut
670 4767 710 4825 sie
724 4768 830 4843 loquar,
846 4767 966 4840 totatim,
1010 4772 1042 4825 ut
1060 4768 1212 4825 accidentia
1231 4770 1386 4827 consistunt
1405 4772 1433 4828 in
1453 4772 1658 4849 phoenomenis
1676 4778 1806 4836 resultem

162 4858 197 4911 'et
217 4855 315 4931 simul,
333 4856 442 4914 sublata
462 4856 539 4913 omni
559 4856 715 4913 substantia
734 4857 902 4932 composita,
918 4872 967 4912 seu
987 4862 992 4919 !
1010 4856 1099 4929 tibus,
1121 4858 1352 4929 quemadmodum
1375 4865 1472 4918 natura
1486 4862 1544 4921 albi
1560 4868 1689 4925 consistit
1701 4868 1730 4923 in
1744 4864 1805 4923 bul.

167 4942 357 5014 phaenomena
372 4946 528 5020 reclinante,
543 4950 669 5019 quaeest
684 4945 712 5001 in
727 4960 757 5000 re
768 4951 884 5021 terrena,
900 4944 966 5002 sub·
1009 4946 1052 5019 lis,
1069 4946 1157 5003 instar
1169 4962 1293 5023 spunrae,
1309 4950 1354 5006 cel
1367 4948 1451 5007 simili
1465 4949 1559 5027 aliqua
1574 4962 1748 5031 contextura,
1763 4970 1806 5013 en

168 5032 265 5089 stltnto
284 5035 432 5093 realimnte
444 5035 633 5110 phaenomena
652 5035 681 5090 in
697 5050 728 5090 re
740 5034 866 5089 coelesti:
909 5034 965 5091 lta-
1003 5032 1051 5104 jus
1070 5037 1210 5108 perceptio
1232 5040 1276 5093 est
1295 5037 1324 5093 in
1345 5040 1427 5097 nobis
1442 5038 1629 5103 inobservata.
1675 5044 1803 5105 Accidens

167 5132 222 5192 que
235 5136 291 5177 non
307 5130 388 5199 puto,
404 5140 452 5181 me
471 5141 489 5181 a
504 5124 628 5182 doctrina
643 5123 797 5180 scholarum
811 5122 883 5179 circa
898 5123 964 5180 sub·
1008 5140 1073 5181 rem
1094 5124 1162 5180 alibi
1175 5124 1335 5182 consisteret
1350 5126 1380 5183 in
1393 5130 1568 5205 perceptione
1584 5135 1635 5191 illa
1650 5136 1801 5205 obenan

166 5210 283 5266 stantiae
297 5228 443 5289 corporeas
456 5213 542 5289 abire,
558 5214 612 5269 nisi
628 5213 658 5270 in
671 5212 723 5269 lroc
737 5227 806 5288 uno,
827 5213 903 5285 quod
917 5228 963 5269 ve·
1006 5226 1155 5289 perquam
1169 5214 1265 5273 album
1278 5216 1461 5287 antonimus.
1504 5220 1605 5297 ltaque
1623 5224 1649 5281 si
1666 5226 1742 5285 Dens
1754 5224 1800 5281 cel·
