3706 5828
116 329 162 405 64
599 345 632 402 v.
653 332 1109 402 pascuornnosorrnoo
1127 341 1273 401 ιιιοιιι

116 489 316 546 abstracturum
328 502 469 560 nunquam
482 504 543 560 ego,
554 492 587 543 ut
598 503 696 544 verram
708 489 805 560 ater,
821 487 908 542 ullum
959 489 1158 543 commentatus
1172 490 1222 543 est
1266 483 1372 550 Quibm
1392 480 1453 553 eius
1469 482 1596 557 eogihtis
1610 488 1704 540 tarum
1719 484 1750 541 il·

117 578 147 633 ιιι
160 576 371 651 ιιιιιοιοριιιιιιιι
389 576 512 648 rigoroso
531 593 629 648 genere
648 591 728 632 usum
742 591 908 647 magnopere
958 575 1007 631 lud
1025 573 1142 642 acb'icio:
1164 590 1276 629 omnem
1301 573 1528 646 significationem
1551 589 1609 630 non
1631 573 1751 645 origina-

116 665 246 738 comperi,
266 666 367 721 abusis
389 681 454 721 vero
469 663 570 719 multos
584 669 613 720 et
633 678 756 737 magnos,
778 668 807 719 et
826 663 908 719 valde
957 663 1029 721 riam
1042 662 1191 735 aliquando
1205 663 1288 718 fuisse
1302 662 1473 734 translatam,
1488 678 1522 718 eo
1536 661 1667 717 nimirum
1682 666 1751 717 tem·

116 754 290 829 perniciosos.
330 752 565 809 senercurte
578 753 686 809 dicendi
699 752 807 808 ratione
825 751 907 807 credo
957 768 1033 825 porc,
1049 767 1104 823 quo
1118 751 1238 823 primum
1258 767 1314 806 vox
1334 767 1352 805 a
1372 750 1534 823 prImigenia
1553 750 1752 822 uguitioatione

116 843 254 900 abstracta
272 841 397 898 adhibita
415 841 577 914 tempestive
594 859 646 896 usu
665 858 716 897 suo
735 856 791 896 non
804 856 905 913 caree,
958 840 994 896 ad
1007 840 1077 895 alias
1091 844 1233 912 troporum
1246 839 1413 895 adminiculo
1432 843 1560 912 pometa
1574 843 1629 910 est3
1649 840 1752 895 iactam

116 947 213 1007 acuere
232 930 307 987 enim
320 928 446 1001 inprimis
460 929 617 1002 sententias,
637 933 665 985 et
679 930 760 1002 figere
773 929 852 1000 qussi
866 932 908 984 at·
958 945 1023 984 vcro
1037 928 1148 983 tandem
1162 928 1311 1001 propriam,
1332 943 1417 1004 quum
1431 927 1551 1000 primum
1570 927 1611 982 ita
1631 927 1751 1000 vulgaris

116 1020 268 1076 tentionem
292 1017 413 1089 lectoris,
440 1033 472 1073 ac
497 1017 531 1073 de
556 1018 669 1074 cacteris
693 1017 907 1092 cogitationibm
957 1019 1029 1073 lacta
1043 1019 1094 1090 est,
1108 1019 1141 1071 ut
1160 1032 1247 1088 aeque
1264 1017 1302 1072 sit
1320 1020 1395 1089 nota,
1415 1020 1465 1071 aut
1483 1015 1577 1071 notior
1597 1015 1752 1096 etiamst

115 1107 370 1180 impraesentiarum
390 1105 561 1162 dimittendis
581 1105 744 1176 admonerer
769 1122 847 1162 more
866 1122 907 1161 sc·
957 1105 1028 1177 tiva,
1042 1103 1143 1175 etjam
1157 1105 1281 1161 homines
1295 1121 1352 1161 non
1363 1110 1475 1177 propter
1483 1104 1750 1161 heaiouesanativa

115 1196 266 1252 cundmum
279 1194 434 1266 notionum,
454 1194 553 1265 quibus
566 1211 616 1251 cur
628 1195 765 1251 abstracta
779 1193 908 1266 aequipo
957 1196 1072 1267 iactam,
1098 1191 1177 1262 oru'us
1195 1209 1277 1267 saepe
1295 1210 1331 1249 ne
1349 1193 1528 1249 recordantur
1551 1193 1677 1265 quidem,
1700 1193 1750 1249 sed

115 1301 183 1356 rem,
198 1299 292 1339 cauma
306 1281 394 1339 habeo
408 1283 509 1338 mulus
523 1287 551 1338 et
565 1300 670 1354 graves.
715 1282 788 1338 Nam
802 1283 832 1338 in
846 1281 908 1336 uni·
956 1300 1006 1355 per
1019 1298 1048 1337 se
1062 1297 1129 1337 vorce
1142 1282 1182 1338 sic
1196 1285 1316 1337 utantur.
1359 1282 1467 1338 Interea
1487 1283 1512 1336 si
1531 1281 1592 1352 quis
1611 1281 1749 1338 destinato

115 1388 225 1429 versum
243 1371 284 1427 ita
302 1372 400 1443 sentio,
421 1371 585 1427 substituere
604 1373 744 1428 abstracta
763 1370 905 1442 concretio,
956 1370 1072 1426 consilio
1085 1369 1140 1426 sibi
1153 1376 1325 1444 proponeret,
1346 1371 1459 1427 vocibus
1473 1386 1589 1443 quanam
1607 1375 1682 1426 certa
1695 1369 1750 1426 ori·

115 1466 144 1518 et
163 1477 214 1535 pro
233 1460 283 1516 hac
297 1459 498 1533 propositione:
520 1455 603 1516 honio
622 1466 664 1516 est
677 1460 828 1531 rationalis,
843 1460 907 1514 sub·
957 1459 1062 1531 gnatio
1086 1463 1140 1529 est,
1167 1465 1300 1531 perpetuo
1323 1459 1396 1515 inter
1421 1458 1667 1532 phuoeoprendum
1692 1475 1749 1515 uon

114 1550 227 1606 stibrere
240 1549 333 1604 illam:
353 1549 436 1605 homo
450 1548 534 1605 habet
546 1548 769 1620 rationalitatem,
785 1552 847 1603 aut:
862 1547 906 1602 cui
957 1548 1038 1602 aliter
1051 1547 1102 1618 uti,
1118 1563 1202 1619 quam
1216 1548 1293 1619 origo
1307 1549 1429 1620 postulat
1443 1547 1502 1616 ejus
1515 1547 1684 1611 consuetudo
1698 1564 1750 1602 uec

114 1639 186 1694 inest
203 1637 367 1708 humanitas,
387 1637 430 1693 illi
450 1636 523 1693 inest
535 1637 715 1709 rationalitas,
730 1641 791 1693 aut:
812 1637 907 1692 huma·
957 1635 1125 1692 illaudabilis
1146 1652 1197 1692 nec
1210 1637 1382 1709 aspernanda
1397 1638 1476 1708 foret,
1491 1635 1544 1692 etsi
1558 1635 1668 1692 diIlIcile
1686 1653 1748 1692 ceu·

114 1726 202 1782 nitate
214 1725 386 1781 rationalitas
399 1724 569 1799 continetur,
585 1742 643 1782 esse
657 1742 715 1781 non
729 1729 837 1781 tantum
851 1729 907 1780 tro·
957 1739 1032 1780 seam
1057 1724 1109 1779 boc
1134 1729 1292 1780 constanter
1316 1724 1423 1797 exequi.
1468 1725 1512 1780 Ita
1536 1723 1612 1795 satis,
1639 1724 1747 1796 opinor,

113 1806 214 1889 piorum
234 1814 285 1870 sed
304 1818 334 1870 et
351 1814 531 1886 superfluum,
557 1829 589 1869 ac
609 1813 722 1886 perinde
742 1831 808 1885 esse,
829 1830 861 1869 ac
882 1812 908 1867 si
957 1815 1016 1868 Ihse
1035 1829 1086 1884 pro
1100 1812 1220 1868 instituti
1234 1813 1342 1869 ratione
1361 1813 1395 1869 da
1415 1813 1539 1868 claritate
1557 1813 1686 1869 vocabuli
1699 1831 1750 1886 per

113 1903 175 1975 quis
199 1903 261 1959 loco
287 1901 410 1970 eiusdem
435 1901 632 1974 propositionis
661 1902 776 1957 diceret:
802 1906 907 1957 certum
956 1919 986 1956 sc
1001 1901 1104 1956 diebrm
1119 1906 1168 1956 cst

113 1996 168 2063 est,
190 2006 286 2047 verum
300 1995 355 2065 est,
376 2006 435 2046 non
448 1994 491 2045 est
511 1990 708 2062 dubitandum
730 1990 852 2062 quisquis
866 1995 907 2045 at·
1000 1989 1082 2045 XIX
1103 1989 1219 2046 Claritm
1232 2007 1312 2063 vem,
1333 2006 1403 2062 quae
1423 2006 1461 2046 ex
1480 1989 1691 2047 circumstantiis
1703 2005 1749 2045 su·

114 2079 216 2150 undet,
232 2078 344 2150 sentiet,
366 2078 429 2134 idea
448 2078 569 2134 hominis
584 2079 669 2137 menti
691 2095 769 2134 meae
783 2095 832 2151 per
845 2095 906 2134 sen·
956 2077 1050 2152 mitur,
1071 2078 1188 2135 sumitur
1207 2079 1251 2134 vel
1271 2095 1308 2134 ex
1327 2079 1386 2151 ipsa
1401 2079 1534 2150 oratione,
1555 2078 1600 2134 vel
1615 2078 1749 2134 extrinse-

112 2168 321 2239 sumimpressa
334 2167 486 2238 continuat,
502 2167 641 2223 hominem
655 2185 713 2223 esse
727 2167 905 2238 rationaleu13
956 2182 1010 2222 crus.
1055 2166 1084 2223 Si
1099 2183 1136 2223 ex
1150 2166 1236 2239 ipsius
1249 2166 1382 2224 orationis
1396 2167 1607 2223 circumstantiis
1621 2167 1749 2238 sumitur,

113 2273 183 2328 quae
197 2253 322 2311 vastandi
337 2271 437 2328 genera
456 2255 497 2311 rei
511 2255 581 2311 nihil
595 2255 724 2311 addentia
743 2260 850 2328 praeter
864 2273 906 2312 re
955 2255 1007 2311 erit
1022 2255 1141 2329 claritas,
1157 2258 1180 2312 si
1195 2272 1253 2311 non
1268 2255 1393 2313 vocabuli
1409 2272 1458 2327 per
1471 2273 1509 2328 sc,
1531 2260 1624 2311 tamon
1644 2256 1749 2312 oratio·

112 2345 245 2401 lationem
259 2343 294 2400 ad
310 2349 431 2400 mentem
444 2344 481 2399 ad
495 2343 688 2400 illustrandum
702 2344 906 2400 inculcandum·
955 2344 1000 2399 nis
1019 2361 1069 2416 per
1089 2361 1128 2402 se.
1172 2344 1254 2408 Quod
1273 2345 1312 2415 lit,
1333 2361 1418 2416 quum
1438 2360 1474 2399 ex
1488 2344 1548 2417 ipsa
1562 2343 1688 2400 oratione
1700 2360 1750 2417 ap·

112 2449 167 2505 que
179 2435 295 2507 posunt
315 2432 428 2505 aliquid,
449 2432 486 2488 ad
504 2439 628 2489 accurate
649 2433 903 2506 philosophandum,
955 2436 1034 2505 paret
1048 2432 1163 2488 materia
1178 2432 1301 2500 subjecta
1315 2432 1351 2488 de
1364 2449 1419 2504 qua
1433 2432 1533 2504 agitur,
1548 2436 1577 2488 et
1590 2446 1676 2504 qutun
1689 2449 1748 2488 ma·

112 2522 148 2577 ad
173 2521 372 2594 deliniendum,
394 2521 574 2577 dividendum
598 2521 634 2578 ad
660 2521 905 2578 demonstrandum
955 2521 1025 2576 teria
1039 2520 1161 2589 subjecta
1176 2521 1249 2577 tollit
1263 2521 1486 2592 ambiguitatem,
1506 2537 1572 2576 nam
1585 2521 1610 2576 si
1624 2521 1660 2577 de
1673 2538 1747 2594 urm,

112 2609 189 2665 nihil.
955 2609 1086 2681 plaustro,
1102 2625 1178 2680 caue,
1194 2610 1264 2681 lyra,
1280 2609 1402 2680 loquitur
1416 2609 1449 2681 is,
1469 2608 1548 2677 ouius
1566 2609 1672 2681 reliqua
1686 2604 1757 2666 ora·¹

156 2698 261 2754 XVIII.
284 2698 422 2754 Hactenus
443 2702 583 2755 ostensrrm
597 2704 638 2754 est
657 2698 781 2755 terminis
802 2697 905 2753 techni·
956 2697 995 2753 tio
1010 2696 1040 2751 in
1059 2697 1249 2752 astronomicis
1263 2698 1442 2771 consumitur,
1464 2698 1543 2753 facile
1563 2698 1670 2758 tollitur
1689 2715 1749 2754 am·

111 2786 150 2842 cis
164 2787 357 2842 abstinendum
371 2804 438 2860 esse,
454 2778 618 2858 quoad'ejus
633 2787 691 2843 fieri
705 2792 811 2860 potest,
831 2802 904 2841 nunc
955 2785 1083 2857 biguitas.
1127 2786 1198 2842 ltsm
1217 2786 1241 2842 si
1255 2786 1405 2859 pauniaca
1418 2791 1460 2843 est
1474 2786 1597 2843 delinitio
1610 2787 1747 2858 vocabuli,

111 2875 184 2930 illud
195 2874 391 2930 attendendum
405 2879 455 2948 est,
472 2875 530 2930 sive
545 2876 731 2948 popularibus,
755 2875 813 2930 sive
833 2874 904 2929 tech-
954 2891 988 2929 eo
1003 2873 1064 2946 ipso
1078 2875 1229 2931 obscuritas
1243 2875 1352 2931 sublata
1366 2880 1415 2931 est
1442 2896 1445 2905 ·
1459 2875 1514 2931 Sed
1533 2876 1558 2930 si
1577 2891 1626 2949 per
1645 2877 1748 2932 multas

111 2963 180 3018 uicis
194 2967 312 3035 utamur,
329 2967 596 3035 “Qssitfl-ltlli
611 2964 704 3035 nullos
715 2962 911 3042 „auteqriguos-
954 2962 1066 3018 demum
1084 2962 1262 3035 conjecturas,
1282 2963 1347 3020 licet
1365 2981 1401 3019 cx
1420 2963 1480 3036 ipsa
1495 2965 1620 3020 oratione
1633 2968 1747 3035 samias,

111 3050 449 3130 afflaffldQ
493 3053 576 3116 Quod
590 3069 607 3106 a
622 3052 792 3129 &Q
806 3067 904 3124 parum
955 3051 1117 3123 significatio
1136 3052 1262 3107 vcnanda
1282 3056 1331 3124 cst,
1352 3053 1434 3125 longe
1454 3053 1527 3108 iufra
1540 3053 1674 3109 claritatis
1688 3053 1747 3109 lau·

110 3143 153 3194 est
173 3141 363 3212 observatum,
384 3155 464 3211 nam,
484 3141 559 3211 quod
578 3140 639 3212 quis
658 3140 788 3212 miretur,
808 3156 904 3195 eorum
954 3139 1018 3195 dem
1031 3140 1156 3196 subsidit.
1200 3141 1229 3196 si
1249 3157 1314 3196 vero
1329 3157 1366 3195 ex
1380 3140 1446 3214 ipsis
1460 3141 1621 3198 extrinsecis
1633 3142 1748 3198 cirsum·

110 3228 202 3284 oratio
221 3228 307 3301 tropis
327 3232 419 3285 scatet.
464 3228 538 3293 Quid
559 3229 633 3284 enim
652 3229 727 3284 aliud
746 3245 829 3301 quam
849 3232 905 3284 tro·
954 3228 1063 3284 stantiis
1077 3229 1243 3300 colligendus
1258 3229 1369 3284 demum
1382 3245 1477 3285 sensus
1491 3235 1533 3286 est
1547 3229 1641 3286 lectori
1656 3234 1686 3286 et
1699 3246 1748 3285 au·

110 3315 172 3388 pica
191 3321 256 3372 sunt
269 3317 431 3391 dependere,
453 3317 601 3389 inhaerere,
622 3307 759 3392 unanare,
781 3317 903 3373 influere.
954 3317 1046 3389 (litori,
1069 3316 1130 3384 jam
1156 3335 1205 3390 per
1230 3335 1259 3373 se
1285 3318 1401 3373 obscura
1419 3321 1461 3373 est
1479 3318 1579 3375 oratio.
1623 3319 1748 3374 Obscura

110 3404 195 3474 (λιιι
210 3406 343 3479 postremi
359 3406 484 3462 vocabuli
504 3406 664 3463 inventione
684 3406 754 3462 mire
775 3424 804 3461 se
824 3407 904 3461 effert
954 3412 1047 3461 autem
1061 3406 1151 3461 oratio
1166 3408 1280 3462 fortasse
1293 3405 1375 3461 alicui
1394 3407 1549 3479 prophetae,
1572 3410 1621 3462 aut
1641 3407 1747 3463 ebucci-

109 3494 244 3551 Suarez.
273 3495 366 3560 Quum
379 3495 455 3550 euim
469 3495 626 3551 Scholastici
641 3501 706 3551 ante
721 3511 785 3550 cum
799 3495 902 3550 dudum
954 3493 1047 3550 natori
1065 3494 1259 3549 miraculonuu
1273 3494 1470 3567 Alcbymistae,
1492 3500 1542 3550 aut
1555 3495 1667 3552 oraculo
1680 3496 1744 3551 Del·

110 3582 141 3637 in
155 3583 275 3655 generali
289 3600 387 3639 musac
405 3584 519 3640 notione
535 3584 660 3640 cenanda
681 3585 831 3655 sudassent,
853 3600 903 3639 nec
954 3583 1043 3655 phico,
1058 3582 1205 3638 autetiam
1220 3583 1328 3654 theolog
1313 3601 1346 3639 σο
1361 3584 1486 3654 mystico,
1507 3587 1556 3639 aut
1576 3584 1746 3657 aenigmatu-

109 3672 195 3728 verba
220 3672 275 3727 illis
300 3673 445 3729 commoda
470 3678 667 3745 succurrerent,
694 3675 820 3729 Suarcz
846 3689 902 3729 non
954 3673 1057 3745 grapho
1071 3675 1168 3744 poetae
1182 3672 1350 3745 convenerit,
1365 3689 1383 3727 a
1397 3672 1639 3745 philosolhonihil
1654 3677 1746 3791 potest

109 3759 243 3830 quidem'
235 3761 416 3833 ingeniosior,
438 3765 531 3818 tamen
550 3762 679 3818 audacior
700 3762 760 3834 luit,
780 3767 808 3816 et
827 3761 903 3817 adhi-
953 3778 1020 3826 esse
1026 3760 1150 3816 abemus.

109 3846 169 3903 bito
193 3848 293 3904 callide
317 3849 437 3906 irrfluxus
462 3851 605 3922 vocabulo,
631 3867 740 3917 eausem
765 3850 901 3906 delinivit:
953 3862 973 3901 a
997 3849 1066 3906 XX.
1094 3849 1229 3921 Equidem
1243 3866 1310 3906 non·
1320 3849 1418 3922 ignoro
1442 3852 1470 3905 et
1490 3849 1666 3950 philosophos
1681 3850 1746 3905 Ae·

108 3935 183 4006 quod
197 3936 359 3994 influitcsse
374 3938 502 4012 inaliud,
518 3939 635 3996 barbare
649 3939 715 3994 satis
730 3944 758 3994 et
771 3939 900 4010 obscure,
952 3939 1150 4013 gyptiorurn
1175 3943 1290 4010 veteres,
1318 3942 1347 3994 et
1370 3938 1545 4015 Sinensrunr,
1560 3938 1608 4014 ιιι
1633 3940 1704 3994 Aeg
1686 3954 1745 4021 gy·

108 4039 175 4079 uam
188 4028 216 4079 et
231 4023 325 4096 irrepta
339 4028 504 4082 constructio
519 4033 569 4099 est,
590 4044 644 4100 qua
658 4027 772 4083 influere
785 4044 822 4082 ex
836 4045 902 4084 neu·
952 4029 1140 4129 ptiorum
1121 4027 1230 4103 colonia
1244 4045 1318 4111 esse
1316 4026 1437 4107 videtur,
1458 4027 1614 4098 hodiernos
1637 4030 1666 4084 et
1685 4017 1745 4082 om-

108 4115 153 4167 tro
167 4113 199 4167 fit
211 4112 346 4184 activum,
361 4118 390 4169 et
403 4116 619 4188 metaphoricum
633 4119 674 4171 erc
689 4116 762 4172 istud
777 4117 900 4188 influere,
952 4117 1019 4172 nino
1033 4099 1191 4188 orientales,
1210 4121 1246 4187 et,
1262 4115 1310 4188 qui
1325 4133 1372 4170 eos
1386 4099 1536 4187 sequrmtus
1550 4120 1600 4186 est,
1616 4115 1744 4185 Pytha·

108 4205 137 4256 et
154 4200 324 4256 obscurius
316 4218 376 4274 Ipso
396 4202 521 4259 definito.
548 4206 671 4261 faciliore
695 4205 770 4260 enirn
790 4205 901 4277 negotio
933 4222 1068 4278 goram
1083 4205 1156 4277 apud
1171 4205 1298 4275 Graaes,
1314 4204 1388 4276 apud
1397 4205 1511 4260 Iatruos
1525 4208 1618 4260 autem
1632 4211 1661 4259 ct
1675 4204 1745 4259 Ara·

106 4304 205 4345 causae
219 4305 302 4361 quam
316 4289 438 4344 influxus
452 4308 547 4347 vocem
562 4299 621 4348 tarn
641 4298 794 4350 monstrose
808 4310 901 4365 accep
952 4295 1009 4366 bes,
1025 4293 1174 4364 Chemicos,
1191 4293 1390 4364 aenigmatibus
1404 4310 1454 4349 sua
1469 4293 1625 4349 occuluisse.
1663 4293 1745 4356 Quod

107 4381 165 4432 tam
180 4377 292 4433 delinire
306 4379 447 4450 sperarim
470 4381 541 4435 lllud
556 4382 674 4454 denique
687 4382 898 4454 observandum,
950 4399 1046 4438 eorum
1071 4380 1216 4437 corrsilium
1240 4398 1298 4437 non
1322 4386 1414 4454 potest
1428 4397 1621 4454 usquequaque
1642 4381 1744 4453 impro-

106 4465 180 4537 quod
195 4469 224 4520 et
239 4465 300 4533 jam
315 4471 374 4521 tunr
395 4467 499 4539 qsassim
519 4470 675 4525 monuimus
695 4470 795 4543 origini
816 4470 899 4541 vocis,
951 4470 1020 4542 bari,
1035 4469 1212 4541 nequeenim
1223 4471 1318 4526 onruia
1328 4471 1456 4528 omnibus
1466 4469 1655 4544 prostituenda
1669 4475 1743 4541 sunt,

105 4553 267 4626 praesertim
286 4570 371 4626 quum
390 4560 464 4611 certa
484 4547 533 4629 est,
554 4574 608 4629 qua
623 4562 696 4630 poto,
712 4558 899 4614 insistendum.
951 4559 1040 4630 etqui
1055 4562 1150 4630 postca
1163 4558 1319 4631 philosophi
1334 4559 1444 4632 artium,
1465 4559 1588 4615 melicae
1608 4557 1744 4631 Imprimis

105 4642 177 4699 Sane
191 4659 286 4698 verum
306 4647 356 4715 est,
377 4658 488 4699 omnem
508 4645 685 4718 originariam
706 4649 780 4702 vods
799 4647 900 4720 signiti-
950 4652 979 4702 et
1004 4646 1210 4703 mathematicae
1235 4648 1366 4716 mysteria
1392 4647 1422 4704 in
1447 4648 1543 4720 vulgus
1568 4646 1645 4702 exire
1670 4646 1743 4721 passi

105 4730 244 4810 ostionem
258 4748 317 4787 esse
331 4733 480 4805 propriam,
495 4749 584 4805 neque
599 4734 674 4790 euim
693 4736 774 4791 video
788 4736 836 4808 qui
851 4753 900 4809 per
950 4741 1015 4791 sunt
1033 4751 1093 4790 rem
1106 4752 1125 4790 a
1139 4735 1283 4808 prudentia
1302 4736 1378 4792 citili
1397 4737 1517 4792 alienam
1539 4738 1675 4806 lecerunt,
1696 4752 1746 4809 po·

105 4823 216 4893 tropum
236 4836 274 4877 cx
293 4820 349 4876 alio
375 4822 523 4878 translatus
537 4822 592 4878 dici
613 4822 716 4895 possit,
737 4824 785 4879 sed
805 4829 899 4880 tamen
951 4828 1042 4880 terant
1055 4823 1130 4879 eninr
1149 4824 1192 4879 his
1212 4825 1288 4880 velut
1309 4824 1496 4881 instrumentis
1515 4824 1556 4880 uti
1575 4825 1611 4879 ad
1626 4824 1745 4881 liberan-

104 4906 174 4964 illud
205 4911 293 4965 fateor
321 4909 462 4980 quandam
492 4910 718 4983 significationem
748 4929 807 4968 ese
836 4929 899 4986 pro
951 4912 1000 4968 (las
1014 4930 1032 4968 a
1045 4912 1192 4982 tyrannide
1206 4912 1309 4985 patrias
1327 4919 1356 4969 et
1373 4914 1577 4970 constituendas
1592 4880 1760 4969 Aristoma!

104 4995 203 5069 priam,
223 5013 294 5068 quae
312 5013 371 5053 uon
390 4997 427 5053 sit
446 4999 608 5071 origInaria,
629 5000 703 5071 quod
722 5002 899 5058 etrecteob·
951 5001 1017 5057 tias:
1049 5005 1078 5056 et
1103 5016 1187 5059 nemo
1215 5002 1334 5075 prudens
1359 5002 1525 5058 Lazarum
1550 5001 1743 5074 Riverium,

104 5084 226 5140 servavit
241 5086 281 5141 cl.
296 5086 554 5142 Brunsmaunus
575 5087 605 5143 iu
624 5089 667 5160 iis,
689 5086 759 5160 quae
782 5089 816 5145 de
835 5106 898 5163 pro
950 5091 994 5146 vel
1029 5089 1219 5145 Antonium
1252 5091 1397 5146 blaciam
1427 5091 1588 5147 Rheitam
1617 5089 1743 5160 Schyr·

104 5172 165 5245 pria
179 5177 208 5229 et
222 5174 354 5231 hanelata
364 5175 562 5248 significatione
572 5182 660 5252 ιιιιιιι
670 5176 799 5248 peculiari
813 5194 897 5252 olera
949 5178 1072 5250 laeum,
1098 5178 1266 5252 t'apucinum
1285 5180 1436 5252 culpaverit
1455 5179 1645 5251 obscuritatis,
1668 5178 1744 5250 quod
