3706 5828
109 341 153 405 50
647 347 692 404 ιι.
720 347 894 404 urrerem
912 348 964 404 an
977 310 1207 404 ruorrrsruu.

110 509 164 550 uno
190 491 287 562 modo,
313 495 345 546 ut
370 489 483 545 tollatur
508 489 592 555 ctiam
617 488 699 545 sirrrul
723 489 897 563 contiguitas,
949 489 1067 562 partium
1082 493 1188 544 motum
1203 490 1301 561 potest,
1318 503 1343 542 v.
1359 507 1383 560 g.
1398 502 1483 560 quum
1497 486 1592 544 albunr
1602 488 1646 559 sit,
1662 490 1738 560 quod

108 581 182 655 quod
201 582 246 653 tit,
273 578 382 651 quaudo
410 578 449 634 ita
469 577 636 633 ‹livellmrtur
660 594 734 649 asc,
760 583 792 633 ut
816 579 899 635 relin·
948 578 1037 633 lucem
1056 577 1202 648 plurimam
1222 575 1349 648 reflectit,
1371 576 1492 648 nigrum,
1518 577 1591 648 quod
1611 592 1736 649 parvam,

108 675 208 742 quatur
236 683 362 739 vacuum,
388 668 431 747 vel
458 666 505 738 sie,
534 670 565 720 ut
590 671 700 721 maneat
724 665 897 739 contiguitas,
947 670 1028 722 emnt
1042 681 1075 720 ea
1089 665 1162 738 alba,
1177 680 1294 737 quorum
1308 666 1462 737 superficies
1476 665 1563 720 multa
1577 681 1662 737 parva
1676 683 1737 739 spe-

107 758 181 831 quod
195 757 240 829 lrt,
255 756 375 828 quando,
390 748 528 826 quaesibi
542 754 702 810 immediata
716 759 837 826 manent,
857 761 899 810 ta·
948 755 1009 809 cula
1023 753 1160 824 eontinet,
1174 753 1241 809 haee
1253 753 1326 809 ratio
1345 759 1387 808 est
1404 770 1453 809 eur
1471 769 1543 824 aqua
1564 769 1737 825 spumesoens

108 863 171 902 rnen
185 845 215 900 in
230 844 337 900 diversa
351 848 504 914 moventur,
520 859 546 896 v.
558 861 583 915 g.
598 843 669 898 duae
682 843 820 915 sphaerae,
831 858 898 914 qua·
948 842 984 897 sit
998 843 1070 914 alba,
1086 842 1151 913 quia
1164 841 1316 896 innumeris
1334 842 1445 897 bullulis
1465 846 1581 914 constat,
1601 846 1669 914 quot
1688 859 1737 898 au·

106 952 169 991 ruur
187 949 244 989 una
259 933 374 988 alteram
389 931 512 1002 includit,
532 936 648 1002 possunt
660 930 690 985 in
711 931 819 986 diversa
839 947 898 986 mo·
948 935 1004 987 tem
1018 930 1147 1002 bullulae,
1159 934 1201 999 tot
1211 931 1333 1003 sprecula:
1348 945 1433 1002 quuur
1446 934 1510 986 ante
1524 935 1583 985 tota
1594 933 1650 986 lere
1664 948 1737 1004 aqua

105 1024 176 1094 veri,
198 1026 230 1077 ut
248 1025 342 1077 tamen
356 1024 486 1077 maneant
504 1019 662 1091 contiguae,
688 1019 753 1074 licet
771 1019 899 1075 ‹lesnrmrt
947 1036 1005 1074 non
1030 1018 1084 1073 uisi
1110 1034 1197 1074 unum
1220 1018 1359 1091 speculum
1383 1018 1480 1089 luerit,
1506 1019 1737 1091 quemadmodum

105 1129 166 1168 esse
184 1109 338 1173 continuae.
379 1109 424 1164 Ex
443 1109 485 1163 lris
505 1111 582 1180 patra
607 1107 742 1180 siquidem
761 1107 797 1163 ab
817 1108 897 1163 initio
947 1107 1057 1180 speculo
1071 1106 1158 1162 vitreo
1180 1109 1267 1163 tracto
1280 1111 1349 1180 quot
1362 1111 1455 1178 partes
1474 1111 1517 1163 tot
1530 1107 1639 1180 ερεειιΙιι
1653 1109 1735 1164 liunt:

23 1201 28 1223 ¹
101 1210 196 1261 nassa
210 1197 383 1254 arcontium
393 1213 440 1253 seu
452 1195 634 1275 vacuitatibus
643 1196 797 1268 intenupta
806 1200 898 1252 ereata
948 1212 1018 1268 quae
1031 1195 1116 1251 etiam
1130 1211 1212 1251 causa
1225 1200 1275 1266 est,
1288 1185 1340 1251 cur
1352 1196 1455 1250 vitrum
1475 1200 1618 1252 contusum
1637 1197 1675 1251 sit
1696 1196 1736 1253 al·

105 1289 152 1362 sit,
168 1290 270 1344 formas
284 1286 390 1358 aliquas
403 1285 497 1340 statim
512 1284 643 1340 rrrateriae
661 1290 801 1340 concretas
823 1302 896 1355 eme3
948 1285 1009 1341 bius
1023 1283 1138 1355 integro.
1166 1283 1301 1341 Siurilitcr'
1315 1283 1399 1356 igitur
1411 1300 1484 1355 aqua
1505 1301 1555 1357 per
1572 1284 1693 1341 bullulas
1706 1285 1735 1341 iu

105 1378 129 1432 si
155 1392 221 1431 vero
245 1375 281 1430 ab
307 1374 389 1429 initio
407 1373 538 1443 continua
557 1377 612 1446 est,
635 1390 743 1429 necasse
768 1390 840 1444 csso,
866 1377 897 1428 ut
947 1373 1078 1428 distincta
1093 1372 1167 1427 velut
1188 1372 1297 1444 specula
1318 1374 1404 1427 fracta
1425 1373 1525 1428 albedo
1544 1373 1639 1444 oritur,
1665 1389 1736 1446 quae.

107 1469 211 1522 lorurae
236 1463 360 1518 oriantur
384 1479 433 1534 per
458 1466 572 1517 motum.
607 1455 692 1537 (Nam
711 1462 745 1517 de
764 1461 897 1516 annihila-
947 1461 1020 1516 ratio
1033 1460 1117 1516 etiarn
1131 1466 1183 1534 est,
1199 1477 1248 1516 cur
1260 1461 1311 1515 nix
1325 1460 1361 1515 sit
1375 1460 1467 1516 albior
1479 1458 1575 1533 glacie,
1594 1466 1623 1516 et
1637 1461 1736 1533 glacies

107 1554 182 1609 tione
201 1556 336 1608 certarum
357 1551 477 1624 partium
501 1550 537 1606 ad
557 1550 707 1605 maritatus
731 1550 761 1605 iu
782 1549 897 1605 nrateria
947 1565 1028 1621 aqua.
1055 1549 1167 1604 Falsum
1180 1549 1255 1605 erriru
1269 1552 1311 1604 est
1324 1549 1418 1605 nivem
1432 1567 1491 1605 esse
1504 1565 1605 1622 aquam
1618 1550 1736 1606 condere

105 1640 297 1715 procurandas,
312 1639 378 1712 quia
397 1656 480 1712 supra
493 1643 621 1694 naturam
639 1643 689 1710 est,
710 1654 768 1694 non
786 1630 896 1714 loquor)
947 1643 1049 1711 satam,
1078 1653 1162 1709 quum
1182 1638 1219 1692 sit
1238 1638 1372 1694 rarefacta
1390 1639 1482 1711 potius
1500 1638 1574 1694 unde
1597 1643 1625 1693 et
1650 1638 1737 1694 levior

106 1731 171 1804 quia
184 1746 202 1785 a
217 1732 295 1784 motu
315 1727 424 1799 dirisio,
444 1744 461 1783 a
480 1727 615 1782 (Ιὶιιὶεἱοιιε
634 1727 745 1782 termini
760 1726 895 1800 partium,
946 1742 1018 1798 aqua
1036 1731 1079 1781 est
1098 1730 1128 1781 et
1145 1727 1206 1798 plus
1224 1725 1307 1798 spatii
1326 1731 1447 1799 occupat
1485 1727 1546 1791 Qua
1566 1726 1674 1782 ratione
1692 1743 1736 1782 so·

105 1836 128 1875 a
137 1817 263 1875 terminis
277 1817 397 1890 partimn
411 1817 513 1887 figurae
527 1831 630 1885 carum,
647 1832 664 1870 a
679 1816 770 1888 figuris
782 1818 895 1886 lonuae,
946 1814 1053 1887 pbisma
1067 1813 1296 1887 Anaxagorae
1315 1815 1350 1869 de
1369 1815 1433 1870 nive
1445 1815 1525 1888 rrigm
1543 1815 1664 1870 diluitur.
1700 1815 1738 1870 Et

106 1924 171 1979 ergo
186 1924 204 1962 a
218 1911 297 1961 rrmtu
312 1907 423 1961 somnae
451 1904 495 1958 Ex
510 1920 564 1975 quo
579 1908 663 1975 patet,
680 1919 791 1959 omnem
805 1904 897 1976 ‹lispo-

106 1996 236 2051 sitioncm
250 1994 286 2049 ad
301 1996 418 2049 lornranr
432 2009 492 2047 esse
505 1997 621 2063 rrrotuur,
637 1997 712 2064 patet
726 2007 834 2065 quoque
853 2009 897 2047 so·

107 2084 176 2140 lutio
201 2086 302 2139 vexata
327 2082 361 2138 de
386 2080 492 2152 origine
517 2082 667 2136 iomrarurrr
685 2080 895 2137 controversiae.

106 2172 157 2228 Cui
176 2172 220 2229 vir
239 2171 279 2227 Gl.
295 2171 405 2225 Herm.
419 2169 631 2241 Corrringius
649 2169 780 2242 peculiari
799 2170 897 2225 disser-

107 2260 213 2316 tatione
230 2276 288 2315 non
309 2259 389 2315 aliter
407 2257 531 2329 occurrit,
551 2258 828 2329 quanreonoedcndo
843 2260 897 2312 lor·

108 2365 168 2406 ruas
182 2365 219 2404 ex
233 2346 320 2404 nihilo
334 2346 409 2418 oriri,
424 2346 473 2402 sed
485 2345 676 2401 rucvlitationes
692 2347 760 2401 istae
770 2362 897 2418 compen·

107 2438 255 2494 diosioram
274 2436 349 2491 viam
369 2438 531 2506 monstrant,
553 2440 584 2489 ut
603 2434 668 2490 illue
687 2436 832 2506 confugere
851 2451 898 2491 ne·

107 2543 182 2583 cesse
196 2525 313 2581 nonsit.
357 2524 480 2580 Dicimus
494 2522 568 2578 enim
590 2525 692 2578 senuas
711 2523 778 2578 oriri
799 2539 835 2578 ex
849 2539 898 2595 po·

108 2614 195 2671 tentia
218 2613 358 2684 materiae,
383 2629 440 2667 non
459 2611 564 2684 aliquid
585 2627 688 2665 novum
713 2611 897 2683 producendo,

15 2732 18 2739 ·
108 2703 156 2758 sed
170 2707 277 2758 tanturn
292 2706 370 2756 vetus
388 2700 519 2774 tollendo,
542 2704 570 2754 et
584 2716 633 2771 per
652 2698 816 2755 divisionem
838 2716 898 2772 par·

108 2791 178 2847 tium
199 2789 330 2846 terminos
353 2789 504 2860 causando,
526 2787 757 2859 quemadmodum
782 2788 830 2860 qui
854 2804 898 2843 co-

109 2880 232 2936 lunuram
246 2877 321 2949 lacit,
336 2877 405 2933 nibil
419 2876 494 2932 afiud
509 2875 583 2946 iacit,
598 2891 681 2946 quarn
696 2876 769 2947 quod
790 2875 898 2931 inutilia

109 2967 191 3039 tollit,
206 2966 345 3023 residuum
364 2966 477 3021 caeteris
496 2963 612 3020 sublatis
631 2981 665 3019 eo
680 2964 740 3036 ipso
755 2980 818 3020 canr
832 2965 898 3036 ligu-

108 3072 168 3113 ram
183 3053 356 3126 nanciscitur,
371 3069 453 3126 quam
468 3069 597 3108 vocamus
610 3053 780 3125 columnam,
797 3052 899 3108 scilieet

109 3159 206 3200 omnes
224 3144 325 3215 tigruae
344 3158 392 3199 seu
407 3143 511 3197 tonnae
530 3142 561 3196 in
574 3140 634 3212 ipsa
648 3152 739 3196 massa
758 3141 898 3196 continen-

110 3237 163 3305 tur,
178 3231 303 3303 indigent
317 3233 424 3286 tantum
443 3229 678 3301 ‹letenninationa
700 3234 728 3284 et
747 3229 846 3284 actuali
861 3229 898 3283 ab

109 3321 172 3376 aliis
190 3317 400 3376 miserantibus
420 3318 599 3390 separatione.
639 3317 697 3374 liae
715 3317 898 3389 explicatione

109 3408 229 3465 aarum
242 3406 322 3463 ludus
336 3409 365 3464 et
375 3406 454 3475 jocus
469 3410 532 3461 sunt
547 3420 721 3478 quaeeunque
734 3410 830 3461 contra
844 3405 898 3460 ori·

109 3497 202 3570 ginern
217 3499 366 3552 formarum
381 3510 417 3550 ex
431 3494 554 3566 potentia
569 3493 698 3549 nmteriae
712 3498 868 3549 monentur.

153 3586 205 3642 lX.
216 3585 426 3639 Rustatnuneut
431 3584 465 3638 ad
472 3582 639 3638 mutationes
644 3581 793 3637 veniamus.
808 3583 898 3637 Muta*

109 3674 198 3729 tiones
207 3676 401 3730 enumerantur
409 3672 616 3742 mlgoetreere:
629 3670 777 3743 generatio,
788 3686 898 3743 corrup

109 3761 158 3832 tio,
164 3760 357 3833 augmentatio,
363 3759 517 3831 diminutio,
524 3758 649 3814 alteratio
659 3763 687 3814 et
698 3759 815 3814 mutatio
827 3760 898 3814 loea-

109 3848 144 3904 lis
155 3866 202 3904 seu
213 3854 311 3905 motus
327 3849 384 3903 Has
395 3864 491 3908 omues
501 3851 599 3920 putant
608 3847 771 3903 recentiores
781 3864 830 3920 per
840 3863 898 3904 mo·

110 3936 520 4010 turuloealemsoluurexplicari
526 3952 613 4008 posse.
629 3935 898 4008 Etprimumdeaug·

110 4025 278 4080 mentatione
292 4029 323 4079 et
335 4025 519 4081 diminutione
532 4023 678 4079 manifesta
697 4041 740 4079 nes
762 4028 818 4096 cst,
838 4040 898 4080 mu·

108 4112 178 4168 tatio
192 4112 265 4168 enim
285 4113 447 4182 quantitatis
466 4115 497 4168 in
510 4117 571 4169 toto
591 4113 630 4184 tit,
645 4112 711 4167 dum
725 4128 789 4185 pars
808 4111 898 4169 locum

110 4204 206 4273 mutat,
222 4204 250 4255 et
265 4201 307 4254 vel
322 4201 425 4256 aboedit
440 4203 483 4256 vel
498 4201 612 4258 decedit.
658 4201 753 4256 Restat
774 4205 805 4256 ut
819 4216 898 4272 gerre-

109 4289 244 4345 rationem
258 4292 287 4343 et
300 4289 502 4360 connptienem
522 4294 551 4346 et
568 4289 760 4345 alterationem
780 4287 898 4359 explice-

109 4392 170 4432 mus
184 4392 234 4453 per
246 4380 405 4448 ruomm,'et
418 4381 551 4449 praenoto
571 4376 686 4432 eandem
705 4392 820 4435 numero
839 4391 898 4430 uru-

109 4465 242 4521 tationem
252 4481 311 4519 csse
320 4464 401 4519 simul
412 4464 614 4536 generationem
620 4468 648 4520 et
657 4465 847 4520 alterationem
857 4463 899 4518 di·

946 1902 1086 1972 hincjam
1105 1907 1181 1975 patet
1207 1904 1267 1958 sola
1292 1903 1393 1976 figurae
1412 1907 1441 1958 et
1458 1904 1528 1958 situs
1547 1903 1577 1958 irr
1597 1905 1737 1977 superficie

946 1991 1100 2047 mutatione
1120 1992 1225 2047 colores
1250 1991 1332 2063 oriri,
1359 1991 1433 2046 idern
1455 1991 1491 2048 de
1509 1992 1577 2064 luee,
1598 1992 1689 2048 calore
1709 1997 1737 2046 et

947 2080 1075 2136 omnibus
1085 2079 1272 2152 qualitatibus,
1283 2080 1307 2134 si
1317 2079 1392 2135 loeus
1402 2085 1547 2152 preteream,
1560 2081 1640 2136 facile
1649 2081 1737 2154 expli-

946 2169 1003 2224 cari
1009 2173 1108 2241 posset.
1123 2169 1188 2223 Jarn
1197 2185 1271 2241 vero,
1282 2167 1460 2240 siqualitates
1472 2185 1521 2240 per
1532 2169 1621 2224 solum
1630 2174 1737 2225 motum

948 2261 1101 2329 armamur,
1120 2275 1154 2312 eo
1169 2257 1230 2329 ipso
1241 2261 1267 2311 et
1282 2257 1436 2312 substantia
1446 2257 1609 2313 mutabitur:
1624 2258 1738 2313 mutatis

947 2345 1022 2400 enirn
1033 2345 1235 2417 omnibus,imo
1244 2349 1273 2400 et
1281 2344 1453 2417 quibusdam,
1466 2346 1609 2420 mqrrisitb,
1622 2363 1665 2401 res
1676 2346 1737 2419 ipsa

948 2434 1068 2490 tollitur:
1080 2451 1104 2488 v.
1112 2433 1306 2506 gsivelluoem
1317 2434 1482 2490 velcaloreru
1491 2433 1639 2507 sustuleris,
1645 2435 1738 2507 ignem

948 2522 1104 2592 sustuleris,
1119 2526 1264 2593 utrumque
1279 2527 1355 2577 motu
1374 2522 1491 2579 inhibito
1511 2523 1646 2596 effeceris,
1666 2538 1739 2595 quae

948 2610 1021 2666 ratio
1040 2615 1082 2665 est
1103 2627 1150 2665 cur
1168 2610 1240 2682 igniis
1258 2612 1366 2666 clausus
1385 2611 1487 2683 pabulo
1506 2612 1577 2666 ae'ris
1596 2612 1738 2668 ‹lelidente

948 2699 1091 2770 rrroriatur,
1114 2703 1145 2754 ut
1158 2704 1264 2754 tamam
1283 2699 1461 2755 essentiane
1481 2700 1661 2771 qualitatibus
1680 2701 1738 2755 suis

948 2804 1005 2843 non
1025 2787 1080 2842 nisi
1100 2787 1234 2843 relatione
1254 2788 1290 2843 ad
1311 2804 1422 2843 sensum
1442 2787 1558 2844 differre
1594 2789 1643 2844 Uti
1662 2789 1738 2844 eninr

948 2876 1043 2931 eadem
1058 2875 1154 2931 civitas
1168 2876 1252 2932 aliam
1266 2876 1308 2931 sui
1324 2877 1421 2932 faeiem
1435 2867 1524 2951 offert,
1540 2876 1563 2931 si
1578 2893 1595 2932 a
1609 2878 1692 2933 Arrtri
1709 2877 1740 2932 in

949 2964 1040 3020 media
1054 2965 1121 3020 urbe
1135 2964 1280 3038 despicias,
1302 2963 1358 3032 (in
1371 2965 1488 3021 Grund
1510 2965 1643 3038 gelegt)
1664 2966 1738 3038 quod

948 3053 1061 3127 perinde
1074 3058 1124 3125 est,
1139 3052 1208 3108 acsi
1227 3053 1375 3108 essentiam
1394 3053 1482 3126 ipsam
1502 3054 1639 3126 intueare,
1658 3054 1740 3109 aliter

949 3145 1070 3215 apparet,
1086 3142 1110 3196 si
1120 3141 1288 3197 extrinsecus
1302 3142 1420 3215 accedas,
1436 3143 1511 3214 quod
1525 3143 1638 3215 perinde
1651 3146 1694 3197 est
1707 3159 1739 3198 ae

949 3230 974 3286 si
988 3230 1111 3303 centoris
1124 3230 1270 3302 qualitates
1286 3230 1432 3303 percipias,
1452 3235 1481 3285 et
1495 3235 1527 3286 ut
1541 3231 1599 3304 ipse
1618 3232 1739 3287 civitatis

949 3323 1077 3374 externus
1098 3323 1222 3391 aspectus
1241 3319 1343 3391 variat,
1369 3323 1451 3392 prout
1469 3336 1487 3374 a
1506 3320 1591 3375 latere
1609 3320 1738 3375 orientali

949 3407 992 3461 vel
1002 3407 1176 3479 omidentali,
1193 3406 1370 3478 dis-aecedis,
1386 3407 1426 3462 ita
1440 3407 1566 3463 similiter
1585 3425 1635 3480 pro
1650 3409 1739 3464 raria-

949 3499 1005 3550 tate
1019 3511 1184 3567 organorum
1198 3495 1306 3550 variant
1327 3496 1479 3567 qualitates.
1512 3497 1556 3551 Ex
1570 3497 1613 3552 bis
1623 3496 1684 3566 jam
1699 3479 1739 3552 la·

948 3583 1000 3638 eila
1013 3588 1098 3657 patet,
1114 3599 1209 3639 eumer
1229 3583 1395 3639 mutationes
1414 3589 1587 3657 permotum
1605 3584 1739 3658 explicari

948 3689 1036 3744 prosse
1069 3671 1126 3727 Nee
1141 3672 1241 3746 obstat,
1261 3673 1335 3745 quod
1354 3673 1493 3746 generatio
1511 3675 1542 3729 lit
1560 3673 1590 3727 irr
1614 3673 1738 3744 ursianti,

948 3764 1040 3815 motus
1053 3765 1096 3815 est
1109 3761 1282 3833 sumessims,
1297 3776 1362 3816 rranr
1381 3761 1520 3832 generatio
1541 3778 1597 3817 non
1617 3766 1659 3817 est
1680 3778 1739 3817 rno-

948 3853 1001 3920 tus‚
1017 3849 1065 3904 sed
1079 3849 1141 3904 tinia
1152 3854 1251 3922 motus,
1263 3849 1324 3918 jam
1335 3853 1426 3905 motus
1441 3850 1502 3906 finis
1516 3851 1598 3905 estin
1614 3850 1738 3921 instanti,

948 3953 1013 3992 nanr
1032 3938 1117 4007 ligura
1141 3938 1234 4010 aliqua
1258 3939 1356 3994 ultimo
1380 3939 1490 3994 rismum
1509 3939 1622 3994 instanti
1647 3944 1741 3995 motus

948 4024 1107 4098 producitur
1120 4042 1168 4080 seu
1183 4031 1334 4098 generabar,
1350 4026 1392 4082 uti
1412 4027 1528 4083 cimolos
1546 4032 1671 4083 extremo
1694 4029 1740 4084 de·

948 4129 1025 4170 mmn
1047 4117 1187 4169 momento
1211 4114 1464 4186 circumgyrationis
1489 4116 1656 4189 producitur.
1695 4117 1740 4172 Ex

948 4201 1087 4257 bisetium
1103 4205 1186 4274 patet,
1201 4218 1251 4258 cur
1264 4203 1353 4257 forma
1364 4204 1552 4259 substantialis
1561 4206 1694 4260 consistat
1709 4205 1739 4259 in

949 4288 1120 4360 indivisibili,
1134 4305 1185 4344 nec
1199 4289 1311 4362 recipiat
1326 4291 1415 4360 majus
1429 4297 1478 4348 aut
1492 4292 1589 4348 minus.
1623 4294 1697 4348 Nanr
1711 4298 1739 4346 et

948 4379 1034 4449 ligura
1053 4392 1110 4431 non
1135 4376 1232 4450 ncipit
1256 4378 1344 4447 majus
1369 4385 1417 4435 aut
1441 4381 1540 4436 minus.
1583 4381 1643 4436 Etsi
1664 4381 1741 4437 cuim

948 4464 1064 4520 circulus
1084 4464 1120 4519 sit
1139 4465 1239 4521 circulo
1259 4467 1356 4540 major,
1377 4485 1435 4524 uon
1455 4473 1547 4525 tamen
1566 4475 1610 4524 est
1622 4456 1752 4526 circulus'

109 4567 329 4625 versomm,naur
341 4552 459 4624 exempli
471 4567 553 4607 eausa
563 4567 658 4607 verum
668 4552 898 4627 est,putredinem
948 4552 1035 4607 alteru
1050 4551 1137 4624 nugis
1151 4553 1274 4628 rimulas,
1290 4572 1355 4612 uam
1369 4557 1462 4613 circuli
1476 4558 1595 4613 essentia
1614 4558 1740 4613 consistit

109 4642 256 4700 oomistere
263 4639 295 4695 in
306 4641 444 4697 vermibus
460 4640 514 4695 illis
527 4638 602 4694 nudo
612 4639 673 4695 risu
684 4640 896 4710 insensibilibus,
947 4639 977 4695 in
988 4640 1153 4711 acqrralilate
1169 4642 1302 4700 linearum
1313 4662 1330 4700 a
1340 4649 1434 4702 centro
1445 4646 1480 4701 ad
1491 4646 1740 4702 circumferentiam

108 4727 897 4801 mitinleetioaliquaputrirlaelteratiobominis,generatio
947 4728 1740 4806 ductamuujmnaepritasconsistitinimlirisibilineere·

111 4820 219 4877 smmis
230 4816 391 4875 Similiterll
396 4813 759 4887 ookiusinrrricrngraplria
766 4816 895 4889 ostendit,
946 4815 1012 4888 cipit
1026 4816 1115 4885 rrrajrrs
1126 4825 1172 4874 aut
1186 4820 1284 4875 rrrinus.
1300 4820 1357 4876 Nec
1367 4823 1520 4891 vcroobjiei
1532 4823 1614 4879 debet
1625 4825 1740 4896 tigumm

109 4909 266 4982 rubiginem
278 4905 310 4961 iu
324 4908 396 4962 lanu
409 4920 468 4960 (sse
477 4902 606 4959 subtilem
621 4902 757 4970 sylvulam
771 4909 896 4973 enatam,
947 4904 1441 4981 autrnaguitudinemcsseaoeidcntia,
1453 4926 1542 4982 neque
1550 4913 1741 4985 enimserrrper

110 4997 308 5070 mbigineseera
328 4992 412 5067 igitur
430 4991 483 5048 erit
506 4989 635 5046 alteratio
654 4989 732 5061 leni,
759 4991 897 5062 generatio
947 4995 1011 5047 siant
1022 4992 1250 5065 accidentia‚rranr
1261 4999 1741 5074 etsivgtiuxussitarcidensplum·

111 5101 257 5160 parvorum
282 5082 416 5140 buticum.
456 5080 598 5136 Caeterum
625 5081 682 5132 tarn
706 5079 845 5145 generatio
869 5082 898 5134 et
948 5079 986 5150 bi,
999 5079 1458 5157 autenimrronnrsiinigne30sr
1471 5089 1741 5145 tranendermentia

90 5174 257 5248 -eorruptio,
282 5187 366 5245 quam
390 5167 516 5229 alteratio
539 5164 670 5239 explicari
695 5180 745 5237 per
768 5166 896 5222 subtilem
947 5167 1741 5252 Hydrargprirjamcausatluxusestlrauddubiepartirun
