3706 5828
698 334 1095 399 cassaneto.
1640 345 1729 411 m

70 468 537 543 diendcsssecommmtarius
550 466 603 539 vel
623 468 729 562 potius
749 472 888 563 ερὶιοιιιο
907 480 1082 564 conceptus
1103 471 1154 554 sit,
1174 468 1257 541 haec
1276 474 1346 567 ipsa
1365 474 1400 545 in
1421 473 1569 570 operibus
1582 475 1723 571 phitom.

52 586 173 708 iphieis
193 582 363 655 deeidam
381 607 449 655 non
469 581 589 665 debuit,
610 584 670 651 etsi
691 606 756 653 non
776 585 922 677 ignorem
941 584 1030 655 hune
1048 584 1179 670 libmm,
1201 610 1299 678 quem
1319 589 1406 658 initio
1427 612 1469 658 eo
1489 589 1621 660 cousdio
1641 614 1721 667 con·
1760 684 1762 688 ‚

68 701 239 783 scriberet,
268 708 307 769 ut
331 698 497 791 sliegina
517 699 690 769 Borussiae
715 697 892 791 legeretur,
917 702 1025 771 minus
1051 703 1193 794 praecise
1218 703 1387 793 minmrpro
1407 700 1595 773 scholastice
1622 718 1664 790 et,
1683 718 1722 777 ut

68 818 115 885 its
135 814 252 896 dicam
273 814 475 903 systematice
495 815 710 905 conscriptum
729 836 809 883 esse.
843 813 937 900 Quae
957 816 1099 885 sumita
1119 817 1191 897 sint,
1204 818 1349 885 narrabo
1367 814 1423 886 illa
1444 814 1605 888 dePiaffio
1626 821 1719 893 theo·

66 930 145 1023 logo
167 928 365 1020 ‘lubingensi
391 948 533 997 menon
560 937 674 1009 tenet,
706 929 823 1021 quippe
844 930 899 997 eui
919 930 1083 1021 quaerenti
1104 932 1186 999 sitne
1206 929 1389 999 theodicaea
1407 930 1500 1001 lusus
1523 934 1639 1027 'mgenii
1658 960 1718 1030 po·

66 1048 133 1115 tius
160 1066 259 1135 ςιιιιιι
284 1064 361 1111 vera
381 1040 527 1113 Leibnitii
553 1044 724 1127 sententis,
753 1040 918 1112 subridens
944 1053 1056 1113 noster
1080 1044 1281 1136 respondisse
1308 1043 1436 1115 dicitur:
1481 1046 1535 1116 Τιι
1560 1072 1630 1119 rem
1657 1074 1720 1123 ncta

65 1160 207 1252 tetigisti
247 1154 337 1225 Dent
362 1155 441 1225 mihi
461 1157 589 1225 veniam
615 1180 728 1225 manes
747 1156 919 1225 doctissimi
939 1158 1012 1241 viri,
1039 1168 1077 1226 ut
1096 1181 1138 1227 ex
1156 1158 1211 1229 illa
1228 1159 1375 1243 listoria,
1394 1161 1428 1229 ni
1447 1158 1553 1230 labuls
1574 1165 1629 1246 sit,
1655 1163 1720 1237 hoc

65 1284 194 1343 mutum
213 1270 397 1363 intelligam,
416 1280 576 1353 nostrum,
598 1269 656 1338 etsi
677 1293 804 1340 summa
825 1270 1003 1365 theologiae
1023 1272 1214 1343 verecundia
1235 1283 1411 1358 teneretur,
1432 1284 1540 1345 umen
1559 1278 1718 1349 interdum

65 1386 235 1479 theologos
254 1384 396 1455 elutsisse.
439 1383 592 1455 Continet
617 1382 681 1453 hoc
709 1408 791 1477 opus
811 1383 960 1455 Leihnitii
986 1398 1112 1480 praeter
1131 1398 1300 1456 tractatum
1322 1387 1362 1457 de
1383 1392 1600 1462 conformitate
1619 1397 1718 1465 ratio·

63 1504 117 1573 nis
138 1512 173 1570 et
193 1500 265 1569 lidei
292 1501 502 1569 tentaminum
529 1497 570 1567 ds
596 1496 736 1567 bonitate
758 1499 822 1568 Dei
850 1511 885 1570 et
905 1504 1026 1593 origine
1052 1500 1129 1570 mali
1155 1512 1261 1595 partes
1282 1512 1362 1585 tres,
1390 1504 1504 1594 quibus
1531 1507 1718 1600 subjunctae

63 1626 142 1685 sunt
162 1616 380 1685 annotationes
401 1616 436 1684 ia
454 1611 553 1683 libros
573 1611 729 1683 llobbesii
750 1624 782 1683 et
802 1614 924 1707 Kingii,
957 1640 1038 1709 quas
1059 1616 1198 1709 denique
1219 1626 1371 1687 hastatus
1390 1616 1501 1712 lingua
1519 1619 1617 1693 latina
1636 1646 1717 1697 coa*

64 1734 202 1825 scriptus
223 1731 347 1823 excipit,
367 1728 458 1799 titulo
483 1728 632 1798 ·Causae
650 1726 734 1797 Dei·
758 1730 939 1799 instructus.

152 1844 301 1916 LXXIV.
332 1843 390 1914 hd
415 1841 792 1915 reverendissimum
818 1843 977 1915 Patrem
1003 1844 1086 1915 Des
1106 1845 1253 1917 Bosses
1284 1846 1481 1941 epistolae
1509 1858 1599 1920 tres.
1643 1850 1716 1922 Vid

59 1986 138 2033 ann.
157 1960 201 2030 sd
220 1970 277 2027 ut
297 1958 394 2029 LXII

153 2073 288 2145 LXXV.
309 2074 555 2165 Remarques
576 2071 909 2167 philosophiques
930 2074 976 2144 de
997 2074 1061 2143 hlr.
1083 2072 1307 2147 deLeibniz
1327 2100 1394 2147 sur
1414 2101 1456 2147 sa
1477 2076 1716 2167 Thiodiciq

63 2188 276 2262 aKortholto
297 2189 439 2281 primum
461 2188 580 2272 editae,
606 2190 640 2258 in
661 2188 809 2257 Dutensii
830 2188 966 2259 editione
986 2188 1060 2260 Vol.
1080 2190 1103 2259 t
1125 2191 1207 2259 inter
1233 2214 1330 2283 opera
1356 2192 1534 2285 theologica
1553 2193 1714 2287 leguntur.

152 2308 341 2398 Sequuntur
350 2312 489 2395 quatuor
499 2307 784 2372 commentationes
792 2300 938 2371 Leibnitii
949 2306 1127 2397 argumenti
1138 2306 1241 2391 ethici,
1256 2330 1337 2398 quas
1351 2330 1393 2375 ex
1402 2307 1608 2399 autographis
1616 2308 1713 2379 Leib-

60 2422 190 2494 uitisnis
201 2420 391 2489 Hanoverae
412 2418 601 2510 transcripsi.
640 2417 731 2502 Quas
753 2418 812 2485 etsi
833 2415 964 2485 diversis
985 2420 1179 2511 temporibus
1200 2424 1393 2513 conscriptas
1411 2445 1483 2491 esse
1503 2421 1585 2490 bene
1604 2425 1714 2506 sciam

61 2548 174 2607 tamen
194 2535 236 2604 oh
257 2534 437 2627 argumenti
457 2533 679 2625 cognationem
701 2533 849 2625 deinceps
869 2533 972 2622 posui,
992 2534 1104 2625 iisque,
1130 2558 1205 2604 cum
1227 2536 1342 2605 indicia
1362 2546 1448 2607 certa
1468 2534 1547 2603 mihi
1566 2533 1714 2607 deessent
1819 2588 1827 2601 .

62 2674 148 2745 quae
169 2648 255 2719 ahud
275 2647 452 2731 suaderent,
472 2646 560 2717 hunc
581 2647 742 2739 adsignari
762 2646 881 2717 locum.
910 2648 983 2733 Qua
1003 2649 1037 2717 iu
1056 2671 1093 2717 re
1114 2651 1216 2719 erravi
1236 2653 1384 2732 lonssse3
1404 2650 1589 2741 praesertim
1610 2672 1713 2742 quum

61 2788 105 2836 ex
126 2790 168 2834 eo
190 2775 343 2855 tempore,
365 2784 431 2855 quo
452 2761 757 2857 hanescripsietin
778 2759 933 2830 hocloco
955 2764 1047 2855 posui
1067 2762 1127 2832 has
1147 2765 1341 2855 scriptiones,
1362 2774 1498 2857 quatuor
1508 2786 1608 2855 paene
1618 2789 1712 2857 prae·

61 2878 193 2973 terlspsi
212 2881 277 2947 sint
297 2878 388 2960 unni,
414 2877 500 2948 unde
521 2876 558 2945 iit
584 2887 621 2945 ut
648 2875 689 2944 de
713 2873 877 2944 literarum
905 2887 1009 2946 tractu
1035 2879 1090 2945 vix
1116 2878 1194 2946 certi
1221 2877 1396 2972 quidquam
1421 2890 1560 2949 statuere
1585 2881 1713 2963 posdm

61 2994 211 3067 Primum
232 2995 377 3063 omnium
399 2992 466 3061 sine
487 2990 584 3061 dubio
606 3001 760 3083 concepta
781 3001 832 3059 est
851 2990 1127 3061 dissotiatiuncula

149 3107 300 3179 LXXVI.
328 3107 374 3177 de
392 3106 596 3188 libertate,
624 3127 805 3197 quaecum
827 3130 975 3198 expresse
1004 3116 1037 3174 et
1057 3104 1203 3175 consulto
1226 3108 1370 3200 opposita
1390 3106 1536 3177 videatur
1555 3108 1713 3199 Spiuosae

59 3226 239 3307 muntiis,
259 3234 386 3316 tempus
407 3220 551 3291 redolere
571 3220 710 3303 videtur,
732 3244 797 3311 quo
819 3243 884 3291 non
906 3220 1028 3288 dudum
1050 3220 1091 3289 ab
1111 3219 1172 3289 illis
1193 3242 1229 3289 se
1249 3220 1421 3290 liberasset.
1451 3221 1622 3314 Reperitur
1641 3222 1710 3293 tta·

60 3362 201 3411 noveras
223 3340 318 3407 etism
338 3336 433 3428 hujus
454 3346 607 3407 hastatus
628 3338 732 3404 versio
755 3334 876 3427 gallica.
921 3336 1031 3404 Serius
1053 3337 1087 3404 ni
1107 3335 1197 3404 lallor
1217 3337 1414 3427 conscriptae
1435 3345 1518 3403 sunt

148 3450 312 3523 LXXVII.
336 3449 608 3521 Deliuitiones
636 3452 808 3533 ethicae,
837 3474 920 3542 quac
941 3450 1141 3520 sicutmodo
1166 3449 1295 3519 laudata
1316 3451 1482 3540 systemati
1507 3449 1712 3533 necessitatis,

59 3572 106 3639 its
125 3572 215 3663 ipsae
235 3577 346 3637 conus
366 3589 424 3635 eos
444 3576 597 3659 pugnant,
620 3566 757 3657 quiDeo
780 3565 877 3634 talem
896 3565 1074 3635 libertatem
1101 3564 1272 3634 attribuere
1292 3572 1455 3643 conantur,
1476 3561 1709 3652 qualemLeib·

58 3686 158 3757 nitius
177 3684 401 3753 aecmdtatem
421 3679 549 3749 braum
570 3680 729 3773 appellare
751 3680 841 3766 solet,
861 3681 979 3751 scilicet
999 3704 1083 3773 quae
1103 3702 1234 3749 omnem
1253 3675 1398 3746 secludat
1417 3673 1711 3746 detemiinationem

58 3809 94 3869 et
115 3798 227 3867 linium
247 3798 411 3866 rationem
457 3794 565 3879 Quam
586 3817 656 3865 rem
677 3796 805 3865 uberius
825 3808 938 3889 postea
957 3798 991 3866 in
1011 3795 1065 3863 illa
1085 3819 1161 3865 carn
1183 3792 1311 3887 Clnrkio
1331 3790 1545 3860 controversia
1562 3799 1710 3860 nostrum

57 3911 232 3987 ventilasse
252 3920 385 3981 constat.
435 3910 588 4002 Sequitur
608 3914 833 3980 commentatio
854 3911 962 4002 lingua
983 3909 1152 3979 vernacula
1173 3907 1368 3997 conscripta:

150 4024 326 4095 LXXVIII.
347 4026 434 4095 Von
454 4025 524 4094 der
539 4022 876 4118 Gliichseligkeit,
897 4027 950 4093 cui
965 4024 1172 4093 Guhrauerus
1190 4024 1224 4089 in
1246 4020 1382 4088 editiom
1402 4038 1462 4086 sua
1475 4016 1603 4085 titinium
1622 4016 1710 4089 hunc

57 4140 162 4211 dedit:
184 4140 260 4211 Von
280 4139 339 4209 der
350 4138 514 4209 Weisheit.
547 4139 755 4210 Restituimus
777 4164 849 4210 eam
871 4141 1158 4232 praescriptionem,
1180 4157 1244 4227 qua
1257 4134 1448 4205 Hanoverae
1467 4134 1501 4202 iu
1513 4130 1710 4203 Bibliotheca

54 4257 148 4348 regia
167 4256 357 4323 instnactum
378 4254 516 4323 vidimus
541 4255 737 4339 tascicuhm,
758 4279 823 4348 quo
849 4252 901 4321 hie
921 4251 1044 4321 libellus
1065 4252 1249 4321 continetur.

148 4366 296 4437 LXXIX.
322 4366 383 4437 De
410 4366 449 4438 la
476 4392 654 4461 sogesse,
682 4370 773 4459 cujus
799 4367 975 4459 scriptionis
1000 4365 1213 4457 interpretatio
1234 4364 1430 4455 germanica,
1455 4358 1520 4429 hoc
1539 4358 1633 4428 titulo
1659 4360 1708 4428 iu·

54 4488 192 4577 scripta:
219 4482 295 4552 Van
322 4482 380 4551 der
399 4483 570 4567 lVeisheit,
599 4485 672 4555 di.
700 4506 765 4551 voa
791 4480 849 4551 der
870 4479 1097 4549 Wissensehalt
1124 4477 1180 4546 der
1203 4474 1446 4567 Gliiclrseliglteit
1470 4473 1537 4543 tmd
1564 4472 1711 4564 Tugend,

56 4620 124 4665 una
145 4618 223 4665 cum
243 4595 357 4687 gallico
377 4598 575 4691 autographo
602 4602 637 4668 in
660 4621 699 4666 eo
721 4598 790 4688 ipso
812 4619 876 4687 quo
898 4596 995 4664 ceteri
1015 4592 1109 4662 libelli
1130 4591 1368 4663 modoluudati
1387 4586 1537 4657 iasdculo
1558 4586 1709 4657 llsnove·

53 4734 114 4779 rae
134 4720 325 4779 matur.
357 4712 424 4781 Sed
445 4714 612 4781 veniamus
632 4734 762 4783 rursum
782 4708 824 4781 ad
844 4708 941 4777 libros
959 4711 1026 4800 jam
1047 4707 1160 4793 editos,
1180 4707 1222 4777 de
1243 4705 1359 4799 quihus
1380 4725 1445 4796 quo
1465 4712 1610 4796 tempore
1629 4722 1709 4772 cott-

53 4824 142 4917 cepti
162 4824 229 4893 sint
248 4825 354 4893 minus
375 4823 519 4896 dubitare
537 4825 627 4896 licet:

144 4934 285 5007 LXXX.
305 4936 444 5009 Lettre
464 4939 564 5010 ills.
577 4938 662 5009 Des
675 4938 898 5019 blaiseausn
919 4946 1137 5008 contenent
1156 4932 1351 5028 quelques
1365 4928 1711 5003 e'claircissemeus

53 5075 124 5124 sur
144 5048 343 5146 quelques
364 5052 544 5125 endroits
564 5054 616 5125 ‹lu
636 5054 813 5145 systime
840 5051 886 5121 de
906 5048 1138 5125 l'harmouie
1159 5046 1396 5146 prie'tablie,
1424 5041 1556 5137 epistola
1577 5041 1618 5113 ab
1639 5043 1710 5135 ipso

1437 5182 1461 5228 n
