3706 5828
167 336 233 404 ⁰78
637 336 774 399 mxt.
815 336 993 399 malpha
1014 338 1068 399 AD
1088 336 1350 399 melota..

168 482 388 560 dispositionem,
403 480 452 538 sed
467 497 524 539 nou
535 479 628 538 videm
639 480 816 539 meelranismi
827 479 969 555 principia.
1014 496 1051 537 ox
1064 480 1226 538 substantiis
1244 478 1384 555 corporeis
1401 478 1525 538 collecta.
1570 480 1826 543 Substantiam

169 576 267 645 Recto,
292 570 341 628 sed
362 585 425 625 eum
439 570 581 626 rideamus
599 576 629 627 et
648 575 769 645 mam,
791 569 854 626 hinc
871 569 970 625 intelli·
1013 584 1221 642 corpoream
1246 584 1333 643 roco,
1361 581 1433 639 qnae
1452 569 1484 625 iu
1509 568 1678 626 subantis
1705 572 1825 646 simplice

169 663 260 737 gimus
287 674 399 715 causam
424 663 516 714 molus
535 674 582 714 seu
605 658 671 714 vim.
715 656 895 713 bieelunismi
909 659 971 712 ierus
1013 672 1063 713 seu
1077 656 1197 713 monade
1216 655 1265 725 (id
1279 661 1322 713 est
1336 658 1431 711 amma
1446 656 1489 713 rol
1502 658 1620 714 animas
1635 660 1783 729 analogo)
1800 672 1824 718 ct

174 754 218 807 est
232 746 274 803 ris
290 746 443 821 primitiva,
463 746 512 802 md
526 748 600 819 loges
615 750 722 818 motus,
737 745 887 802 muudum
900 760 970 818 quaa
1013 743 1091 800 unito
1112 743 1139 800 ei
1158 760 1274 817 corpore
1298 744 1430 816 organico
1454 745 1590 801 consistit
1643 747 1690 803 At
1716 763 1823 805 massa

171 852 209 895 ex
222 850 255 890 ea
269 840 419 892 mseuutur
432 834 552 907 impetus
566 850 615 891 sen
629 834 701 890 vires
711 833 889 907 derivativae,
905 848 969 906 pro-
1012 836 1055 889 sst
1068 837 1244 905 aggregatum
1258 832 1474 889 subatautisrum
1492 848 1725 909 corperenrnm,
1742 842 1775 891 ut
1785 854 1822 893 aa·

170 926 259 981 fluunt
279 938 317 978 ea
335 923 509 995 perceptione
534 922 601 979 boni
623 926 653 978 et
676 922 758 995 mali,
785 937 835 977 scu
860 936 897 976 ea
921 934 966 993 eo,
1013 934 1075 977 scus
1089 919 1228 975 interdum
1241 934 1279 975 ex
1292 921 1416 990 mutiuge
1430 921 1569 976 vermium
1581 926 1716 979 eouama
1745 923 1821 981 Perre

171 1011 245 1087 quod
261 1015 302 1065 est
316 1009 611 1067 convenientissimum.
656 1007 698 1064 lta
711 1010 755 1083 fit,
772 1014 805 1065 ut
818 1008 968 1064 allicientes
1010 1008 1134 1064 Menas
1154 1023 1203 1063 seu
1222 1007 1377 1064 snbslmtia
1391 1007 1513 1081 simplex
1529 1009 1561 1064 iu
1575 1024 1692 1078 genere
1706 1013 1820 1069 mliuet

171 1114 271 1158 musae
290 1098 427 1171 pendeant
446 1098 620 1170 aflnalibus,
640 1096 835 1170 etspiritualia
848 1096 904 1152 sim
918 1110 967 1151 na·
1011 1095 1213 1169 perceptionem
1245 1099 1275 1151 et
1295 1095 1463 1169 appetitum,
1487 1101 1586 1170 estque
1613 1098 1666 1154 vul
1688 1100 1821 1173 primitius

173 1191 235 1245 tura
265 1186 359 1260 priora
383 1185 585 1258 materialibus,
616 1184 657 1241 uti
684 1185 769 1240 etiam
794 1182 876 1240 uobis
901 1185 968 1239 suut
1010 1199 1059 1240 seu
1074 1184 1178 1255 Dans,
1199 1182 1230 1240 ia
1248 1197 1303 1254 qua
1322 1187 1366 1240 ast
1379 1184 1478 1241 ultima
1490 1186 1567 1241 ratio
1579 1200 1702 1258 rcrums
1725 1189 1815 1245 vase

171 1276 266 1348 priora
279 1274 447 1346 cognitione,
469 1275 534 1346 quia
548 1274 661 1329 interius
675 1273 797 1328 animam
812 1270 911 1345 (uobis
923 1272 965 1327 in·
1010 1271 1176 1344 densatim,
1191 1286 1291 1345 nempe
1303 1270 1405 1329 Menas
1418 1277 1525 1344 meam,
1539 1288 1637 1347 eaque
1650 1280 1701 1331 est
1715 1276 1764 1332 sel
1774 1293 1813 1333 ra·

171 1354 289 1431 limam)
315 1376 398 1434 qnam
428 1377 529 1433 eorpus
554 1360 748 1435 perspicimus,
781 1360 856 1433 quod
881 1359 967 1415 etiam
1009 1361 1086 1416 tiorm
1100 1358 1240 1434 praedita,
1260 1374 1370 1433 mans,
1390 1361 1435 1416 vel
1448 1376 1531 1417 sensu
1547 1362 1704 1436 praedita,
1727 1380 1817 1438 nempe

170 1448 273 1507 Plato
297 1453 331 1505 ot
355 1450 538 1506 Cartesius
564 1454 701 1505 notarunt.
747 1448 826 1504 Hane
846 1448 903 1503 vim
924 1447 966 1502 ais
986 1470 990 1541 Ι
1012 1447 1142 1519 anima,
1158 1447 1202 1503 rol
1216 1446 1817 1525 imesioreqaodamgraduperceptiou'set

170 1538 298 1611 cognosci
313 1552 361 1610 per
375 1539 502 1609 effectus,
519 1554 573 1593 non
588 1536 677 1609 qualis
691 1537 721 1595 in
736 1552 767 1591 sc
780 1541 839 1606 est3
855 1551 967 1609 respon-
1010 1536 1150 1609 appetitus
1170 1536 1310 1608 praedita,
1334 1551 1383 1593 sau
1400 1536 1538 1593 animae
1552 1538 1735 1613 analoga,
1754 1556 1817 1615 qma

169 1625 223 1682 dee
237 1626 277 1681 ita
292 1627 361 1699 iore,
376 1626 400 1680 si
414 1626 536 1681 anirnam
552 1641 608 1681 uon
622 1625 794 1697 haberemus,
808 1639 858 1679 nec
868 1638 968 1696 eogno-
1011 1624 1086 1679 nudo
1106 1621 1237 1679 Monadis
1257 1624 1369 1681 nomine
1384 1629 1512 1681 uertente
1525 1629 1586 1697 ast,
1608 1642 1683 1683 curn
1702 1628 1766 1698 ejras
1777 1645 1816 1685 rs

170 1730 313 1770 scereruus.
359 1713 452 1769 Habet
473 1714 566 1768 anima
585 1714 616 1769 in
631 1728 661 1768 sc
675 1713 863 1786 perceptiones
877 1717 906 1767 et
920 1727 968 1784 ap-
1011 1712 1068 1767 rios
1087 1710 1188 1782 gratim
1203 1728 1258 1767 nou
1273 1727 1476 1783 cognoscamus.
1520 1712 1629 1771 Omnis
1645 1722 1747 1773 aulem
1759 1716 1815 1773 bio

169 1802 286 1876 petitus,
312 1801 401 1873 iisqne
422 1806 519 1856 natura
539 1800 598 1869 ejus
617 1800 781 1856 continetur.
826 1800 862 1855 Et
882 1804 912 1855 ut
937 1799 967 1853 in
1011 1815 1060 1855 nas
1074 1803 1117 1854 est
1132 1797 1360 1872 inextinguibilis,
1374 1814 1463 1873 neque
1475 1800 1553 1857 enim
1563 1802 1813 1861 substantiaeslm

167 1904 283 1963 corpore
297 1889 476 1961 intelligimus
491 1871 702 1949 α’ἰντιτυπὶαν,
722 1893 750 1943 ct
762 1888 876 1956 figuram
887 1903 968 1958 genc-
1011 1887 1095 1959 plices
1109 1886 1163 1942 nisi
1178 1887 1297 1943 creando
1312 1887 1355 1942 rol
1369 1888 1564 1964 annihilando,
1585 1890 1619 1947 id
1641 1898 1692 1949 cst
1705 1894 1813 1951 miru-

168 1978 269 2051 ratim,
296 1976 349 2031 etsi
378 1975 545 2048 nesciamus,
576 1990 647 2048 quae
679 1976 734 2029 sint
760 1974 876 2045 Figurae
908 1989 968 2031 cer·
1012 1975 1086 2047 lose,
1114 1974 1182 2030 eriri
1206 1979 1255 2031 aut
1280 1975 1404 2032 desinere
1428 1984 1553 2050 possunt.
1601 1978 1645 2035 Et
1677 1986 1812 2054 metues

168 2080 268 2137 porum
299 2062 521 2118 insensibilium:
552 2062 593 2118 ita
617 2063 648 2117 in
672 2062 767 2117 anima
791 2062 968 2133 intelligimus
1011 2063 1103 2118 omnis
1118 2061 1220 2119 Menas
1244 2068 1336 2120 croam
1361 2067 1404 2120 ast
1428 2079 1545 2136 corpore
1565 2065 1671 2139 aliquo
1691 2069 1811 2141 orgerio

168 2150 370 2224 perceptionem
390 2156 418 2205 et
442 2151 611 2224 appetitum,
637 2150 689 2205 etsi
703 2165 761 2206 non
774 2164 969 2219 cognoscamus
986 2172 991 2269 p
1011 2149 1154 2223 praedita,
1175 2150 1324 2208 secuudum
1337 2151 1412 2224 quod
1425 2152 1543 2225 percipit
1562 2156 1752 2231 appetitqssp
1767 2156 1811 2213 etsi

168 2238 296 2295 distinete
337 2237 506 2295 insensibilia
545 2237 726 2308 ingredientia
765 2239 971 2311 perceptionum
989 2272 992 2303 2
1010 2254 1062 2310 per
1080 2237 1238 2295 nativitates
1256 2244 1412 2311 mortesque
1426 2241 1672 2317 rarierolrstm,
1697 2245 1812 2303 invare

169 2329 364 2399 contusarum,
391 2325 490 2399 quibus
516 2325 688 2383 insensibilia
711 2342 859 2399 corporum
879 2326 971 2401 expri·
1011 2330 1071 2399 tur,
1089 2327 1314 2402 transformetur,
1335 2332 1364 2383 et
1381 2328 1413 2384 in
1427 2332 1563 2401 perpetuo
1576 2331 1663 2387 fluxu
1678 2334 1811 2391 cousbmt

167 2419 290 2471 muntur.
337 2414 453 2487 Sentiri,
479 2412 521 2469 ais
539 2412 708 2488 spiritualia,
733 2414 855 2486 exempli
880 2413 969 2485 gralia
1010 2412 1100 2471 Porro
1124 2411 1262 2469 Mmsdes
1286 2414 1317 2471 iu
1341 2430 1371 2471 se
1390 2415 1535 2477 mutiumt
1553 2417 1752 2479 Ersteleelrim
1769 2435 1812 2479 ssu

167 2506 275 2575 adrem,
292 2506 419 2573 ventum,
436 2503 541 2576 lumen,
562 2518 618 2558 non
634 2504 727 2556 tamen
748 2500 812 2556 idco
831 2501 898 2557 satis
923 2517 968 2557 co
1009 2501 1067 2557 rim
1082 2500 1261 2574 primitivam,
1276 2508 1307 2558 ut
1320 2502 1380 2558 sine
1393 2503 1463 2577 ipsis
1475 2505 1598 2563 mauris
1612 2522 1696 2565 mere
1708 2510 1812 2582 patira

167 2590 277 2661 gnosci3
295 2589 343 2645 sed
358 2589 424 2644 mihi
436 2594 492 2662 aiir,
507 2594 613 2663 ventus,
630 2590 733 2661 lumen,
748 2604 803 2645 non
815 2589 904 2659 magis
914 2588 969 2661 spi·
1009 2592 1095 2659 essct3
1110 2592 1138 2643 et
1150 2589 1263 2660 quaeris
1276 2606 1367 2646 massa
1380 2590 1600 2649 innumerabiles
1613 2598 1744 2655 continet
1755 2612 1810 2653 mo·

166 2678 279 2734 ritualia
305 2676 434 2734 videntur
458 2692 542 2748 quam
567 2693 640 2750 aqua
659 2692 786 2752 marens,
812 2692 863 2732 uec
881 2676 918 2732 ab
933 2692 967 2731 ea
1008 2675 1109 2749 uades,
1129 2677 1182 2731 etsi
1201 2676 1275 2733 enim
1289 2679 1504 2751 unumquodque
1518 2683 1687 2754 organicum
1700 2690 1810 2743 miurus

167 2764 300 2821 differunt
315 2764 368 2820 uisi
382 2763 542 2821 subtilitate.
587 2764 720 2839 Spiritus,
740 2765 864 2837 anbnae,
886 2768 915 2820 et
936 2764 967 2819 in
984 2812 988 2859 Ι
1008 2778 1107 2837 corpas
1121 2779 1200 2820 suam
1214 2764 1317 2821 babeat
1331 2767 1480 2823 monadem
1494 2770 1725 2845 respondem,
1746 2788 1808 2831 euu-

166 2852 326 2909 universum
340 2852 511 2908 substantias
525 2852 663 2926 simplices
678 2866 727 2907 sen
743 2851 888 2925 monades,
904 2867 965 2907 sen·
1008 2852 1078 2908 tinet
1098 2856 1190 2908 tamen
1204 2850 1234 2907 in
1247 2854 1372 2926 partibus
1385 2855 1455 2911 alias
1468 2857 1616 2932 momdas,
1636 2860 1695 2915 suis
1707 2859 1809 2917 itidem

168 2938 244 2995 sibus
269 2944 297 2995 et
323 2939 519 3010 imaginatione
543 2940 737 3011 comprehendi
764 2957 820 2996 non
840 2944 963 3012 possunt,
1007 2938 1170 3013 corporibus
1189 2941 1327 3011 organicis
1347 2942 1486 3014 praeditas
1506 2944 1642 3018 priuurio
1655 2945 1808 3005 muricu-

166 3026 232 3099 qnia
252 3027 378 3099 partibus
405 3032 507 3083 carent.
552 3028 683 3099 Quaeris,
709 3043 745 3082 an
770 3027 832 3083 dari
855 3028 965 3083 credam
1007 3026 1095 3095 tibus,
1120 3018 1149 3083 et
1173 3027 1243 3084 nibil
1271 3030 1347 3086 aliud
1361 3035 1403 3087 cst
1417 3035 1477 3088 tota
1491 3037 1608 3105 natarat
1635 3050 1748 3093 uacum
1766 3040 1806 3093 st

167 3130 292 3189 corpora,
308 3131 379 3187 qnae
391 3130 449 3171 non
462 3114 563 3171 cadunt
582 3114 632 3171 sub
648 3113 746 3168 visam.
791 3113 893 3179 Quidni
907 3130 965 3172 ere·
1007 3115 1097 3189 euim,
1118 3115 1213 3171 omnia
1233 3123 1381 3190 aggregata
1399 3134 1437 3177 ex
1458 3120 1624 3178 substantiis
1638 3124 1805 3200 implidbus

166 3202 251 3259 dauri
284 3204 351 3274 quin
372 3202 429 3258 imo
449 3203 484 3259 de
504 3202 544 3257 eis
564 3219 620 3259 non
642 3200 763 3257 dubitari
788 3218 868 3275 posse
887 3206 963 3275 puto.
983 3196 986 3233 ¹
1007 3204 1156 3277 resultare,
1180 3208 1321 3277 tamquam
1345 3220 1382 3264 ex
1411 3208 1483 3264 reris
1509 3208 1670 3268 menda.
1714 3212 1803 3271 atem

165 3288 220 3347 Per
239 3290 417 3363 microscopia
437 3290 560 3346 uidemus
578 3289 742 3346 animalcula
762 3290 832 3346 alias
851 3290 965 3347 insensi-
1007 3308 1088 3363 vero,
1102 3307 1150 3346 seu
1164 3307 1280 3364 corpora
1294 3299 1426 3367 extensa,
1453 3301 1481 3352 et
1494 3300 1587 3353 nmen
1603 3298 1803 3373 infrangibilis,

165 3378 244 3451 bilia,
259 3384 287 3434 st
301 3378 408 3434 ncreuli
423 3377 521 3434 homm
535 3377 762 3435 animalculorum
776 3382 804 3434 et
817 3378 875 3435 alia
888 3380 963 3436 terte
1006 3383 1070 3435 sunt
1084 3394 1128 3435 res
1142 3379 1264 3453 mlitiaa,
1277 3397 1349 3454 quae
1359 3383 1414 3439 uisi
1428 3398 1476 3457 pa
1486 3382 1657 3442 miraculum
1672 3389 1804 3463 explicari

164 3467 292 3523 nutantia
311 3465 341 3522 in
360 3464 484 3539 ipsorum
504 3466 665 3523 humoribus
684 3466 850 3523 animalcula
876 3467 963 3523 videri
1007 3483 1065 3522 non
1079 3470 1209 3541 possunt,
1230 3472 1261 3524 et
1274 3470 1384 3527 ratione
1396 3472 1505 3544 urard,
1522 3486 1576 3529 uua
1586 3488 1693 3533 muns
1708 3479 1806 3535 vidua

164 3569 222 3612 uon
242 3558 364 3628 possum
408 3554 552 3611 Subtilitas
571 3559 686 3612 naturas
711 3554 834 3628 procedit
853 3556 884 3611 in
902 3555 964 3610 infi-
1006 3560 1185 3627 motuumque
1204 3571 1242 3611 ax
1261 3556 1317 3613 illis
1330 3559 1446 3615 reddere
1457 3559 1532 3617 lieet.
1580 3562 1619 3619 Et
1631 3563 1699 3620 liast
1710 3565 1807 3624 dam-

164 3641 266 3698 niturn.
983 3646 1076 3715 ¹tur,
1093 3658 1157 3699 vera
1169 3643 1305 3717 simplicia
1325 3648 1552 3721 nontermt,'so
1564 3648 1639 3724 que,
1658 3652 1806 3723 quisunt

209 3730 258 3786 lli.
273 3728 398 3802 Denique
415 3729 487 3803 petis
507 3729 679 3787 definitiones
693 3731 840 3803 materiae,
863 3746 959 3803 corpo
983 3724 987 3795 ἲ
1007 3736 1122 3787 axioma
1147 3737 1175 3788 et
1200 3734 1324 3805 partibus
1349 3736 1483 3808 praediis.
1528 3737 1575 3794 lta
1592 3735 1650 3797 uis
1673 3742 1802 3815 rupoudi

163 3814 213 3892 ris,
227 3817 348 3891 spiritua
391 3816 541 3874 Materia
554 3822 611 3891 est,
627 3818 701 3892 qnod
715 3819 842 3876 condstit
855 3818 884 3876 iu
894 3819 966 3874 anti-
983 3798 987 3929 i
1007 3824 1182 3892 mentemque
1201 3836 1294 3878 meam
1307 3824 1439 3897 expoeni,
1454 3828 1592 3897 quantum
1604 3828 1704 3901 pausia
1716 3834 1801 3903 ειμι

168 3905 249 3977 typis
283 3920 331 3960 oen
360 3906 435 3976 quod
461 3907 616 3979 penetranti
639 3908 758 3978 insistit,
789 3912 872 3979 atque
900 3906 964 3962 ideo
982 3938 986 4015 p
1007 3908 1115 3964 litteras
1135 3908 1208 3965 licet
1252 3910 1307 3967 l'ro
1324 3912 1451 3968 oratioue
1470 3916 1522 3969 tua
1540 3916 1722 3989 praelegente
1744 3934 1800 3992 gra·

164 3991 238 4050 nuda
259 3992 377 4047 materia
392 4007 468 4049 mers
481 3994 592 4067 passiva
617 3998 666 4051 est.
710 3995 846 4066 Corpus
870 3997 963 4051 antem
982 4034 985 4071 ;
1006 3994 1127 4068 timago
1146 3996 1295 4057 maxbnas.
1339 3998 1415 4056 Vale
1443 4000 1660 4063 liauoraras
1681 4006 1798 4065 lmu-

163 4085 273 4154 praeter
286 4078 433 4137 materiam
446 4082 531 4139 marn
545 4082 627 4138 habet
641 4083 698 4139 dm
712 4082 841 4139 sctimm.
879 4081 962 4139 Gor·
980 4076 985 4185 Ι
1004 4084 1101 4158 gusti
1119 4084 1156 4143 li
1164 4084 1213 4143 ll.

164 4184 227 4245 pus
245 4170 339 4227 autam
358 4173 401 4227 est
415 4170 458 4227 vol
472 4170 628 4231 mbmantia
639 4185 788 4246 corporea,
813 4168 857 4226 vel
871 4184 962 4228 mama
