3712 5842
488 346 579 409 XVII.
603 349 855 409 lNTRODUGI'IO
871 349 911 409 IN
926 349 1064 410 PAClDII
1076 351 1282 413 srucussrtt.
1658 344 1700 412 91

61 505 113 561 que
127 485 306 545 incommoda
324 488 504 563 reperiuntur,
520 491 617 547 modus
636 491 782 548 habebitur
799 508 858 549 ma·
909 498 992 550 nente
1005 510 1100 550 eruere
1114 499 1283 567 argumenta,
1298 493 1397 569 quibus
1416 496 1541 568 quaestio
1561 497 1703 572 proposita

62 576 234 649 gnitudinem
259 576 390 650 cujusque
410 578 572 651 explorandi
592 583 674 652 atque
693 581 857 637 aestimandi
909 581 1044 656 definitur,
1060 581 1118 637 imo
1132 586 1161 639 et
1174 583 1210 639 ad
1220 587 1308 639 artem
1322 583 1480 640 inveniendi
1489 585 1609 658 pertinet
1621 601 1703 643 nonu

62 671 99 736 ut,
119 665 289 739 comparatis
307 666 454 739 utrimque,
477 666 551 724 velut
571 668 674 741 accepti
689 669 857 742 exquensique
908 673 1027 728 formare
1041 670 1227 743 quaestiones,
1247 671 1291 727 vel
1311 672 1384 743 quod
1402 672 1500 728 eodem
1519 674 1600 748 redit,
1620 690 1702 731 nossa

61 754 176 826 tabulis,
202 754 239 810 de
262 769 371 810 summa
395 753 511 827 potioris
533 757 732 830 pronuntietur.
781 758 856 814 llaec
906 759 1049 815 instituere
1062 758 1275 833 observationes,
1291 776 1371 815 nesae
1385 775 1492 817 sumere
1504 760 1701 835 experimenta.

61 847 123 898 mut
144 842 195 898 illa
213 842 346 915 pondera,
366 842 395 898 hi
414 843 529 915 moduli,
549 843 649 916 quibus
661 845 800 901 rationem
812 845 854 902 uti
906 846 996 916 lluu‘us
1009 847 1077 903 artis
1091 846 1215 904 noudum
1233 848 1351 904 traditae
1363 847 1421 902 vim
1441 852 1524 921 atque
1543 849 1702 924 amplitudi-

62 931 132 986 dixit
145 933 240 1003 poeta,
255 929 304 985 sed
318 930 447 987 bactcnm
461 946 559 1003 parum
572 932 685 1005 exactis,
700 948 751 990 nec
764 933 855 1006 signa
906 952 971 992 uem
996 952 1030 992 eo
1055 935 1184 1008 perspexi
1209 936 1310 1008 magis,
1336 952 1392 1007 quo
1416 935 1522 1005 mau'orc
1545 940 1638 995 studio
1662 938 1701 996 ab

63 1019 97 1074 tis
109 1017 257 1091 publicave
266 1018 416 1074 autoritate
429 1022 479 1074 aut
491 1023 566 1076 certa
580 1025 647 1077 nota
660 1020 853 1094 comprobatis.
906 1025 1020 1081 ineunte
1032 1027 1123 1080 aetate
1136 1023 1233 1080 solitus
1246 1039 1308 1079 sum
1326 1041 1370 1081 ras
1390 1024 1502 1098 proprio
1516 1025 1606 1083 Marte
1624 1026 1701 1083 inve·

61 1107 212 1178 tactuum,
229 1106 462 1178 quemadmodum
472 1105 572 1176 judicii
591 1112 633 1164 est
645 1108 677 1164 in
690 1125 791 1183 magam
810 1126 854 1166 ar·
905 1112 1014 1185 stigare,
1028 1127 1092 1167 eum
1105 1111 1240 1185 singulari
1249 1111 1379 1168 felicitato
1388 1129 1458 1185 pene
1471 1112 1571 1186 infans,
1586 1114 1701 1172 lenitate

62 1199 251 1268 gumentormn
270 1193 479 1267 multiplicium,
500 1195 537 1252 ab
556 1196 619 1252 aliis
643 1198 714 1254 forta
733 1198 854 1270 prolato·
906 1203 1113 1274 praeceptorum
1126 1215 1200 1274 usus,
1219 1216 1282 1257 meo
1296 1200 1357 1273 ipso
1370 1200 1486 1257 coridlio
1499 1206 1582 1273 atque
1594 1201 1701 1276 impeta

61 1299 130 1353 rum,
144 1281 284 1354 conflictu,
300 1282 441 1339 rationum
454 1282 508 1340 rite
527 1284 734 1341 wtimamrum
747 1285 854 1342 tabulas
905 1288 994 1344 bonos
1007 1291 1118 1344 autores
1128 1287 1190 1359 jam
1209 1288 1343 1364 legebam,
1364 1288 1412 1362 qui
1431 1289 1495 1347 huic
1513 1290 1598 1348 aetati
1617 1290 1701 1366 plane

61 1371 201 1426 addentes
214 1369 344 1428 ordinare
357 1371 394 1427 ad
407 1371 610 1429 conclusionem
627 1372 792 1449 iubendam,
813 1373 854 1430 ita
905 1376 1111 1435 interdicuntur.
1284 1398 1289 1409 ·

61 1457 228 1517 inventionis
241 1463 285 1516 cst
297 1475 334 1517 ex
352 1475 445 1518 rerum
464 1459 611 1520 visceribus
631 1462 741 1519 nemine
759 1462 853 1519 admo-

697 1729 1057 1745 u——a-v--uu--n

799 1984 945 2083 XVll.

596 2165 649 2237 nv
677 2163 948 2238 suscmmn
973 2130 1163 2238 eleum

291 2332 911 2455 INTRODUCTIO
958 2331 1460 2453 HISTORICA.

241 2636 281 2695 (ι
297 2639 397 2687 emeda
414 2638 513 2688 mitid·
530 2641 700 2703 Leibaltll,
724 2652 789 2697 quse
807 2641 832 2690 tn
855 2641 1010 2690 structum
1027 2639 1109 2698 neria
1129 2642 1299 2687 limaveram
1316 2636 1507 2693 asservantur.)

93 2870 303 2930 Willrelmus
327 2873 491 2930 Pacidins
517 2868 597 2951 (uam
615 2876 652 2932 ab
671 2876 722 2933 hoc
736 2877 847 2933 bomine
897 2876 1086 2950 appellabant,
1105 2890 1169 2931 cum
1187 2879 1310 2931 vetemm
1325 2874 1446 2947 cogimta
1464 2873 1586 2930 mascula
1605 2876 1635 2930 et
1653 2873 1695 2929 in·

56 2960 218 3017 mumdum
234 2962 301 3018 mihi
314 2966 365 3035 est,
380 2978 444 3018 cum
458 2980 540 3034 saepe
554 2980 572 3019 a
587 2964 710 3021 minimis
724 2965 848 3021 maxima
897 2964 991 3038 gentia
1004 2969 1034 3020 et
1045 2963 1165 3021 excitata
1185 2966 1214 3020 et
1226 2964 1303 3019 velut
1315 2963 1546 3036 supereminentia
1565 2962 1647 3019 rubus
1666 2966 1696 3018 et

56 3049 273 3121 penduntur)
287 3050 400 3106 natione
414 3051 575 3124 Germanus,
596 3053 686 3124 patria
700 3053 848 3127 lipsiensis
870 3050 872 3055 '
897 3070 1010 3109 omnem
1023 3053 1097 3109 vitae
1110 3053 1245 3109 humanae
1258 3055 1376 3108 tractum
1390 3051 1505 3106 velutin
1516 3051 1611 3107 tabula
1619 3064 1695 3106 eom·

57 3138 153 3193 ambo
167 3138 304 3194 maturius
319 3142 440 3212 parente,
451 3139 525 3194 vitae
534 3144 648 3214 rectore,
662 3141 767 3215 impetu
780 3157 848 3216 quo·
897 3144 991 3217 plexa,
1005 3141 1155 3197 dictionem
1168 3143 1261 3195 autern
1271 3139 1424 3195 naturalem
1438 3143 1466 3195 et
1479 3141 1583 3195 claram
1593 3142 1621 3195 et
1630 3155 1695 3211 pro·

59 3224 118 3281 dam
136 3226 227 3282 animi
242 3227 278 3283 ad
298 3227 437 3282 literarum
453 3227 544 3282 media
558 3227 672 3301 delatus,
688 3231 748 3303 pari
768 3230 797 3286 in
812 3230 848 3286 iis
898 3232 1030 3286 fluentem
1045 3234 1074 3285 et
1086 3227 1168 3285 rebus
1183 3244 1285 3302 parem,
1301 3227 1382 3301 longe
1396 3227 1465 3282 alios
1486 3232 1578 3283 motus
1592 3226 1694 3282 animis
1723 3226 1727 3234 '
1753 3246 1757 3257 ·

59 3311 182 3370 ldiertate
196 3313 363 3371 versabatur.
407 3314 480 3370 Nam
494 3331 556 3371 eum
571 3316 736 3377 domesticae
749 3318 849 3391 biblio·
897 3319 1058 3392 ingenerare
1078 3316 1255 3374 meminisset.
1299 3316 1364 3372 Fuit
1388 3314 1440 3371 hoc
1461 3315 1608 3371 discrimen
1634 3319 1693 3371 tam

60 3401 390 3476 neaeopportunitatem
399 3402 519 3475 liaberet,
527 3405 647 3461 abdebat
656 3422 685 3461 se
696 3407 726 3462 in
736 3410 848 3462 eatotos
898 3406 1031 3479 notabile,
1047 3411 1079 3461 ut
1092 3422 1129 3461 ex
1143 3421 1177 3461 eo
1192 3410 1314 3476 tempore
1333 3403 1389 3458 duo
1403 3403 1457 3459 sibi
1472 3404 1613 3460 axiomata
1627 3418 1692 3458 con·

60 3505 133 3563 nepe
143 3491 203 3546 dies
213 3493 339 3547 mannis
344 3497 456 3566 puer,et
465 3492 581 3548 vixdum
591 3492 676 3549 latine
681 3493 846 3570 balbutiem,
897 3495 1036 3551 stitueret:
1058 3510 1189 3567 quaerere
1212 3507 1318 3564 semper
1336 3491 1366 3545 in
1385 3491 1503 3547 verbis
1527 3490 1693 3561 eaeterisque

61 3576 149 3634 ebrios
158 3594 281 3652 quosque
295 3580 382 3636 libros
396 3596 469 3636 nunc
481 3579 631 3653 arripiebat
643 3598 716 3637 nunc
730 3582 848 3655 depone-
898 3583 986 3640 arruni
999 3583 1084 3655 signis
1098 3581 1257 3651 claritatem,
1271 3579 1304 3634 in
1324 3578 1427 3634 rebus
1447 3595 1535 3633 usum.
1569 3579 1693 3642 Quonim

61 3664 461 3742 uteunedelectuapeuens
472 3669 653 3742 claudensque
659 3687 732 3725 nune
740 3670 864 3734 libabat,
897 3671 967 3728 illud
979 3675 1074 3743 postea
1084 3668 1174 3727 omnis
1190 3665 1335 3739 judieii,
1357 3665 1409 3721 hoc
1426 3665 1593 3721 inventionis
1611 3665 1692 3721 basin

61 3753 167 3828 aliquid,
184 3772 258 3812 nunc
277 3756 471 3832 transsiliebat,
486 3763 569 3830 prout
582 3758 706 3814 claritate
720 3759 848 3815 dictionis
897 3776 956 3816 mse
966 3758 1070 3833 didicit,
1078 3763 1106 3814 ct
1116 3757 1258 3829 plerosque
1267 3771 1378 3826 errasse,
1390 3755 1463 3826 quod
1472 3771 1535 3810 suas
1546 3753 1600 3809 sibi
1611 3769 1692 3811 voces

60 3842 286 3912 mtjumnditate
304 3849 458 3918 argumenti
472 3845 650 3901 invitabatur.
683 3846 848 3903 credidisses
871 3866 874 3885 ¹
898 3864 955 3902 non
978 3847 1046 3902 satis
1070 3845 1198 3903 <inuncta
1222 3843 1412 3916 explicassent,
1441 3846 1523 3915 atque
1541 3842 1572 3898 in
1592 3841 1691 3899 ultima

61 3934 848 4008 mionunapropraeceptoreuti,atqueilludl¹ollel.ege
872 3906 874 4031 i
896 3936 1032 3992 elementa
1040 3931 1397 4005 resolvissentaliosetiam
1407 3930 1692 4005 experimentis,quae

60 4018 106 4075 sbi
119 4020 224 4077 dietum
238 4025 344 4095 putare.
389 4022 458 4078 Erat
473 4022 549 4078 enim
563 4023 654 4079 alieno
668 4021 783 4079 consilio
797 4040 847 4096 per
896 4024 927 4079 in
940 4039 1026 4079 manu
1039 4022 1185 4095 habebant,
1205 4048 1242 4062 -
1259 4020 1334 4092 quod
1347 4023 1406 4076 arte
1419 4018 1620 4076 combinuteria
1634 4034 1691 4075 mc·

60 4107 191 4165 lumnam
215 4109 320 4166 carenti
344 4111 457 4183 propria
476 4126 526 4182 per
549 4106 669 4167 tremum
694 4112 847 4167 necessaria
871 4066 874 4171 i
896 4112 1006 4169 diorum
1031 4128 1063 4166 ac
1081 4110 1179 4166 linium
1197 4110 1328 4180 carerent,
1349 4107 1423 4180 quod
1442 4107 1526 4164 illudi
1553 4107 1607 4164 dic
1631 4122 1691 4164 cur

60 4198 198 4270 inuitas,
212 4197 258 4253 eui
271 4212 427 4255 succurrere
440 4198 514 4254 Deus
532 4198 612 4256 solet.
645 4201 683 4255 Et
696 4203 768 4256 certe
781 4200 847 4256 tulit
871 4207 873 4283 l
895 4200 966 4273 bic,
981 4198 1050 4256 illud
1069 4198 1124 4256 oui
1142 4199 1248 4269 bono,
1263 4195 1332 4252 illud
1345 4195 1492 4271 Respice
1506 4197 1613 4253 finem
1631 4209 1690 4252 non

58 4300 135 4357 m,
148 4291 182 4341 ut
195 4286 227 4341 in
241 4290 346 4342 veteres
356 4286 475 4358 primum
489 4286 629 4359 incideret,
645 4287 784 4359 inquibus
798 4288 846 4344 illc
870 4288 873 4335 i
895 4291 1051 4345 constanter
1064 4288 1231 4358 exercerent,
1251 4313 1287 4325 -
1304 4284 1346 4340 uti
1359 4283 1513 4341 nescivisse
1703 4345 1705 4350 ,

57 4370 132 4431 initio
143 4374 225 4448 udril,
241 4374 374 4448 paulatim
388 4375 501 4447 aliquid,
517 4376 634 4448 denique
654 4379 789 4448 quantum
802 4393 846 4432 sa·
869 4370 872 4463 l
939 4378 982 4433 lta
999 4375 1136 4432 animabis
1154 4373 1210 4446 ille,
1230 4389 1293 4429 mm
1307 4373 1339 4428 in
1352 4377 1461 4430 coctum
1479 4370 1635 4445 aequalium
1654 4370 1690 4429 dc

57 4459 89 4515 ts
105 4468 192 4535 esset,
214 4462 400 4535 intelligebat,
426 4468 511 4536 utque
535 4463 567 4519 in
590 4464 648 4520 sole
673 4458 845 4521 ambulantes
895 4482 973 4522 more
996 4464 1123 4536 venisset,
1151 4478 1202 4536 pro
1227 4464 1351 4519 monstro
1376 4464 1444 4517 erat
1477 4460 1550 4516 Nam
1569 4460 1710 4533 phileae-1

55 4548 225 4608 &malind
238 4551 345 4624 agendo
360 4552 526 4624 colorantur,
543 4553 692 4609 unomen
704 4553 844 4626 quandam
894 4554 988 4627 pbiam
1019 4569 1053 4608 ac
1081 4548 1249 4624 theologiam
1278 4549 1480 4622 sdrolasticum,
1508 4548 1598 4622 qualis
1623 4552 1690 4604 tarne

55 4653 107 4694 sm
118 4638 251 4697 dictioms
264 4643 388 4715 tantum,
409 4640 501 4697 sedet
518 4641 716 4696 sententiarum
736 4646 844 4699 contra·
867 4698 870 4746 ,
893 4659 945 4715 pro
969 4639 1119 4714 sapientiae
1143 4639 1253 4713 fasu‘gio
1278 4637 1361 4711 vulgo
1386 4638 1553 4710 habebatur,
1580 4636 1688 4692 facilem

54 4732 134 4784 nat.
179 4727 262 4784 Unde
275 4728 312 4784 ad
324 4728 488 4786 recentiores
502 4728 594 4785 delato
608 4730 758 4786 sordebant
771 4746 843 4803 quae
867 4752 869 4763 ¹
893 4747 939 4802 ac,
971 4730 1056 4785 verba
1084 4731 1193 4784 tantum
1222 4730 1345 4783 comesta
1374 4726 1494 4801 tenenti,
1531 4723 1688 4797 expositam

53 4818 113 4872 tuuc
124 4816 157 4872 in
171 4815 290 4873 officinis
303 4818 457 4889 regnabant
471 4821 606 4873 tumentes
620 4818 758 4891 ampullae
772 4819 842 4875 nihil
866 4768 869 4863 l
891 4818 1020 4891 exemplo
1050 4832 1101 4873 suo
1137 4815 1316 4889 ostendebat,
1350 4813 1398 4887 qui
1419 4800 1463 4870 xin
1493 4828 1594 4869 arcana
1625 4809 1687 4880 cius

54 4902 212 4978 mnam,
234 4908 284 4960 aut
307 4905 517 4962 nacticentones
537 4906 720 4980 repetentium
735 4907 839 4963 abens:
890 4922 948 4962 nou
983 4905 1039 4963 alio
1074 4903 1227 4978 praesidio,
1260 4905 1444 4977 penetrasset,
1480 4905 1618 4957 caeterum
1652 4903 1687 4957 nt

53 4991 105 5050 εἰη
118 4994 219 5067 gratia,
232 4993 294 5048 sine
308 4993 402 5051 nervis
415 5012 447 5051 ac
461 4994 578 5067 lacertis,
597 4994 657 5051 sine
677 4995 735 5051 ullo
749 4995 786 5051 ad
799 4995 840 5051 vi·
890 4993 1105 5068 superficiariam
1122 4992 1311 5069 profectnique
1334 4991 1456 5048 humano
1474 4987 1601 5045 inutilem
1619 5003 1686 5046 con·

53 5085 102 5138 bn
116 5097 184 5155 rm,
198 5085 311 5155 putares
321 5082 401 5138 alteri
413 5082 524 5139 cuidam
538 5083 643 5140 mundo
655 5082 746 5156 scribi,
758 5099 840 5155 quem
889 5084 1040 5140 temnebat.
1428 5094 1433 5105 ·

52 5167 158 5242 mjam
171 5175 236 5229 tum
248 5170 333 5228 modo
350 5171 557 5248 rempublicam,
578 5171 663 5229 modo
676 5166 866 5240 Parnasum
935 5172 1044 5229 Interea
1062 5169 1177 5229 feliciter
1201 5167 1302 5226 accidit
1323 5163 1495 5285 utoecoruilia
1518 5165 1612 5240 magui
1632 5161 1684 5220 viri
