3706 5828
66 1480 83 1491 ··
175 1453 294 1510 mittam.
373 1496 377 1501 .

172 322 239 395 469
553 270 645 390 ΙιΙΧΧ.
683 330 737 388 ΑΒ
758 331 827 388 Dlss
847 329 972 388 BtffiFS
994 326 1193 387 marosas
1214 326 1294 386 xm.
1307 331 1337 385 et
1351 327 1428 387 XIV.

173 476 341 556 praescmpta
354 474 505 532 eruditione
524 472 635 549 obtulit,
656 470 810 529 videbimus
829 488 885 545 quo
903 487 964 529 aaa·
1005 475 1064 544 taa,
1089 469 1228 528 bominem
1253 485 1310 526 non
1335 485 1416 542 posse
1434 468 1494 526 siue
1512 468 1644 527 miraeulo
1663 469 1800 543 genuam,

172 583 256 625 mnu.
299 564 380 630 Quod
394 567 524 638 superest,
549 563 610 620 vala
629 568 659 619 et
674 564 744 619 tave.
985 557 1152 633 paradoxa
1166 559 1251 615 diam
1270 559 1324 614 erit
1344 557 1469 616 doctriua
1495 558 1617 616 omnium
1642 563 1800 615 vestramm

218 657 381 713 llauoverae
396 652 514 709 31.Ju1.
534 651 629 710 1709.
1005 646 1179 720 Sdaolarmn,
1198 646 1233 703 de
1246 648 1383 704 maone
1401 649 1511 704 animae
1529 647 1686 721 rationalis,
1706 652 1738 702 et
1757 665 1802 706 re·

483 741 603 798 Godel.
625 739 714 797 Guil.
735 734 941 794 Leibuitiua
1005 734 1169 811 mmudum
1187 736 1241 792 erit
1259 736 1294 794 ad
1316 735 1376 805 ejas
1395 736 1639 812 praeexistentiam.
1684 736 1759 793 Nam
1774 737 1801 793 si

218 826 250 889 P.
264 831 292 887 S.
318 831 387 887 Grau
401 818 526 905 pudiare
540 828 695 887 Novistine
708 840 771 885 maa
783 822 874 882 Siulua
885 824 965 898 olim,
1006 824 1116 883 minae
1128 824 1277 883 rationales
1288 823 1319 880 in
1332 825 1483 882 seminibus
1496 824 1600 900 htsut,
1618 824 1682 882 tab‘s
1696 822 1802 883 tradux

175 920 294 977 lionam
315 918 398 976 missa
412 923 483 992 suut,
504 923 541 992 et,
563 916 653 990 credo,
675 933 724 991 per
739 914 793 972 Du.
814 910 965 984 Maglia·
1006 928 1101 970 revera
1115 918 1157 970 est
1171 913 1388 987 praeexistentia„
1432 914 1512 979 Quod
1528 913 1552 969 si
1566 913 1594 970 id
1609 913 1699 986 malis,
1715 930 1802 987 quam

175 1008 370 1081 beccbium,
392 1006 429 1065 acl
443 997 603 1064 Gmeralem
622 1005 811 1080 Praepositum
826 1000 964 1059 societatis
1005 1003 1114 1058 animas
1133 1018 1152 1058 a
1171 1003 1232 1058 Deo
1257 1019 1294 1058 ex
1318 1001 1523 1059 irrationalibus
1541 1002 1619 1059 reddi
1639 1003 1801 1075 rationales,

175 1101 283 1154 vestrae
296 1102 486 1171 pervenerunt,
512 1096 558 1169 qui
581 1090 619 1170 (si
638 1094 708 1151 bene
728 1091 855 1162 memini)
880 1093 965 1147 etiam
1004 1091 1074 1149 adeo
1088 1106 1143 1146 nou
1159 1106 1288 1163 repugno,
1303 1095 1335 1147 ut
1351 1091 1443 1164 potius
1457 1093 1573 1147 faveam
1619 1091 1654 1147 nt
1668 1108 1736 1149 sane
1750 1093 1801 1148 ali·

175 1202 225 1261 per
238 1187 308 1243 boue
321 1185 434 1245 salutari
455 1183 600 1254 mejassit
650 1183 853 1239 Ptolomaeo
873 1183 965 1236 vestro
1005 1179 1117 1252 quando
1129 1179 1247 1249 cogitavi
1259 1180 1416 1236 innumeras
1435 1181 1545 1253 quidem
1563 1181 1672 1236 animas
1691 1181 1801 1238 sensiti-

177 1274 238 1332 viro
257 1290 365 1332 sumam
384 1290 430 1331 me
448 1271 634 1331 commendari
658 1275 731 1344 peto.
775 1268 830 1326 Ubi
850 1284 964 1343 opuseu-
1007 1285 1056 1324 vas
1071 1285 1130 1325 esse
1144 1268 1174 1324 in
1188 1268 1336 1325 seminibus
1352 1269 1492 1341 humanis,
1508 1274 1539 1325 ut
1554 1270 1678 1326 omnium
1692 1271 1801 1327 anima·

176 1361 235 1420 lum
253 1367 349 1420 eontm
363 1362 522 1434 Baylium
541 1360 682 1435 prodierit,
699 1357 804 1429 judicia
823 1356 883 1426 ejus
901 1357 966 1413 aab·
1008 1358 1089 1430 lium3
1105 1357 1153 1414 sad
1168 1373 1214 1413 eas
1229 1357 1302 1413 solas
1315 1357 1415 1414 babere
1430 1358 1650 1430 rationalitatem,
1667 1360 1721 1416 etsi
1731 1376 1801 1416 uon·

493 1645 649 1654 ...ῳ-...-

378 1797 653 1857 arlsaona
688 1796 764 1855 XIV.

186 1986 189 1991 ,
220 1923 410 1999 Admodum
432 1921 633 1981 Revereude
654 1923 767 1998 Pater,
794 1921 924 1980 Fautor

460 2010 680 2068 llouoraucle.

221 2154 281 2212 litai
299 2154 352 2211 boe
370 2152 438 2211 milri
456 2167 513 2210 non
532 2152 666 2225 tribuam,
686 2155 717 2208 ut
736 2155 838 2225 patera,
861 2154 967 2207 senten·

176 2244 246 2303 tiam
260 2259 350 2300 meam
365 2242 400 2298 de
413 2241 495 2300 rebus
507 2241 603 2298 sinicis
617 2241 760 2315 quiequam
775 2256 855 2314 posse
868 2239 968 2296 habere

161 2333 341 2408 'mtontaba
355 2347 463 2407 sperem
478 2335 569 2388 tamen
589 2331 708 2387 rationes
727 2345 783 2385 non
803 2328 968 2403 spernendas

177 2424 266 2479 vlsutn
280 2423 325 2497 iri,
335 2425 364 2478 et
376 2426 450 2478 serto
464 2418 531 2476 nibil
546 2419 778 2494 praecipitandum
793 2417 880 2474 videri
894 2419 922 2474 iu
937 2435 968 2474 re

178 2526 235 2569 uon
253 2512 320 2567 satis
338 2511 467 2568 discmsa.
510 2508 620 2566 Gratias
646 2524 697 2582 pro
721 2507 968 2567 communicatione

177 2599 286 2659 Deereti
300 2600 425 2657 Sineusm
469 2596 601 2672 Displieet
619 2596 693 2671 quod
713 2596 839 2652 Sineuses
857 2595 968 2671 Japoni·

177 2706 228 2748 eae
240 2688 417 2746 revolutionis
431 2687 557 2744 notitiam
573 2686 673 2743 babere
686 2685 776 2742 video.

221 2778 339 2834 Gratum
352 2777 404 2833 erit
422 2776 578 2849 exemplum
597 2775 661 2833 libri
675 2774 710 2830 de
724 2774 821 2848 spiritu
835 2788 969 2830 novorum

178 2865 327 2937 Augustini
340 2864 542 2940 discipulorum,
557 2864 608 2921 etsi
622 2863 759 2921 interdum
768 2863 829 2938 plus
844 2863 970 2920 ostendat

179 2952 374 3026 mamaeam,
400 2969 484 3028 ιιιιιιιι
508 2953 660 3027 aequitatis.
705 2952 813 3026 Nempe
837 2951 969 3010 lliaeos

114 3082 115 3085 =
179 3045 271 3104 intra
284 3059 411 3099 muros.

222 3133 332 3199 Quaero
355 3146 391 3187 au
416 3135 458 3189 tut
480 3131 587 3188 animas
607 3130 638 3187 in
656 3128 737 3186 nobis
757 3143 859 3201 ponem
877 3127 966 3200 liceat,

84 3272 88 3283 .
179 3219 545 3297 quotgreduaesseutiales:
566 3237 593 3275 v.
607 3234 634 3290 g.
666 3215 968 3274 Animanimaalra·

179 3309 313 3386 beblum,
328 3309 395 3382 quia
415 3309 464 3379 (ex
478 3309 583 3382 vulgari
602 3307 699 3365 saltem
718 3306 867 3375 ementis)
886 3305 968 3362 babe-

179 3410 242 3458 mus
261 3399 438 3472 vegetativao,
459 3398 604 3455 sensitivae
624 3402 652 3453 et
670 3395 812 3454 mtionalis
825 3395 967 3469 perfeetio-

178 3502 229 3548 naa
252 3487 281 3546 in
306 3486 404 3545 mem
428 3486 559 3557 subjecto.
602 3485 723 3557 Negabis
753 3484 859 3558 opinor.
904 3484 967 3541 Nou

178 3594 244 3655 argo
258 3576 389 3652 ὥωιιιιιι,
409 3574 483 3633 diem
502 3592 575 3632 novo
593 3575 679 3648 gradu
698 3573 847 3647 essentiali,
866 3586 968 3630 novam

177 3667 301 3727 ammam
314 3665 383 3724 dari.
426 3664 484 3723 llos
497 3663 597 3737 gradm
610 3663 747 3739 appellare
760 3660 853 3718 beabit
866 3662 970 3719 lacul-

177 3760 278 3816 tates.
322 3753 448 3828 luendae
472 3759 565 3812 autem
590 3751 744 3828 finitivas
768 3750 860 3824 abque
886 3749 969 3808 modo

178 3862 236 3903 non
253 3844 371 3902 uncam
389 3842 581 3918 depraedatam,
603 3848 634 3899 ut
652 3840 817 3897 sensitivitas
836 3842 880 3896 eat
895 3840 969 3896 iude·

175 3932 299 4010 pendeus
316 3948 335 3990 a
351 3932 544 4006 rationalitate,
569 3930 623 3988 etsi
647 3931 763 3987 tortasse
786 3928 816 3984 ia
839 3929 970 3985 aarum

178 4024 352 4086 uoueoutra.
396 4022 495 4078 Putem
513 4024 613 4093 auteur
628 4018 728 4090 paam
741 4016 899 4073 menedon
913 4032 969 4074 nou

178 4108 422 4183 rdaialieodari,
445 4114 474 4167 et
493 4110 553 4168 tolli
572 4125 666 4184 possa:
687 4105 763 4181 quod
783 4120 858 4163 seara
877 4107 968 4163 estin

177 4198 366 4276 qualitatibus,
381 4212 429 4255 seu
442 4198 611 4256 derivativis.
648 4197 707 4271 Ego
727 4195 830 4268 alioqui
850 4211 905 4253 uon
923 4212 968 4253 ao·

178 4291 223 4348 leo
236 4302 332 4345 arrasa
344 4287 392 4344 lias
406 4285 441 4343 da
459 4287 629 4361 eutitatibus,
650 4300 698 4342 seu
719 4284 874 4359 abstractis,
887 4298 969 4359 quae·

178 4376 288 4436 arena.
332 4375 456 4432 [nouam
477 4376 526 4433 tali
546 4392 609 4433 easu
624 4373 816 4446 substantiam,
835 4388 906 4446 qnae
919 4390 968 4429 an·

179 4471 224 4525 tea
237 4463 395 4522 ratioeinari
413 4479 469 4521 nou
483 4470 599 4539 peterat,
620 4481 691 4522 nune
704 4478 795 4537 posse,
811 4461 894 4536 idque
911 4478 968 4520 uon

1008 1447 1075 1503 dum
1095 1462 1125 1503 ae
1143 1449 1314 1518 exerentem,
1335 1462 1451 1518 quarum
1473 1463 1573 1519 comus
1590 1449 1753 1522 organicum
1772 1448 1801 1504 iu

1008 1536 1038 1592 id
1063 1534 1226 1591 destinatum
1251 1539 1332 1608 esset,
1359 1541 1389 1591 ut
1412 1535 1560 1607 aliquando
1579 1536 1617 1591 sit
1639 1536 1801 1609 humanum,

1009 1623 1083 1695 quod
1099 1621 1160 1692 jam
1179 1623 1209 1677 in
1227 1639 1261 1678 eo
1280 1623 1396 1698 perspici
1416 1628 1509 1697 posset
1523 1641 1540 1681 a
1555 1625 1622 1681 satis
1641 1626 1800 1700 perspieaci.

1008 1713 1051 1769 lta
1064 1710 1276 1768 transemationo
1292 1728 1361 1785 opus
1376 1728 1432 1767 ιιοιι
1445 1712 1506 1768 erit

1053 1799 1215 1857 adscribam
1240 1800 1325 1858 verba
1349 1801 1553 1857 schediasmatis
1577 1799 1720 1871 emmam
1745 1802 1802 1859 mei

1009 1888 1112 1945 lebni:
1145 1888 1329 1963 »Pmpagaao
1348 1891 1479 1964 contagii,
1506 1907 1525 1946 a
1550 1890 1627 1963 lapsu
1647 1891 1802 1964 primorum

1013 1981 1189 2052 ‚parentum
1209 1978 1238 2034 iu
1253 1978 1359 2035 animas
1373 1984 1557 2052 posterorum,
1577 1994 1634 2035 uou
1647 1979 1748 2036 melius
1763 1981 1804 2036 vi·

1013 2066 1110 2123 »detur
1133 2066 1264 2139 explicari
1284 2084 1382 2142 posse,
1406 2083 1489 2141 quam
1509 2069 1668 2142 statuendo,
1693 2068 1803 2126 animas

1013 2159 1204 2229 »posterorum
1223 2156 1254 2211 in
1273 2155 1403 2213 Adamo
1422 2173 1478 2214 nou
1497 2158 1580 2213 itrisae
1599 2157 1730 2231 iniectas,
1753 2157 1803 2214 sed

1014 2260 1079 2300 „eas
1093 2248 1158 2301 tune
1172 2244 1203 2299 iu
1217 2244 1367 2302 seminibus
1378 2245 1484 2320 (aliquo
1495 2245 1579 2302 modo
1589 2244 1651 2316 jam
1665 2247 1803 2317 organicis

1014 2338 1061 2390 -et
1084 2331 1255 2405 viventibus)
1279 2334 1443 2408 existentes,
1468 2336 1552 2391 tuisse
1578 2335 1724 2393 sensitivas
1743 2341 1803 2393 tau·

1014 2426 1108 2496 »tum,
1128 2418 1214 2478 donee
1228 2423 1256 2478 in
1271 2428 1403 2496 eoueeptu
1422 2424 1571 2480 novissimo
1597 2423 1679 2481 simul
1701 2441 1802 2500 eorpus

1014 2509 1143 2584 ·aliqu0d
1158 2511 1287 2568 seminale
1306 2511 1342 2569 ad
1362 2512 1481 2568 bominis
1501 2511 1695 2569 formationem
1714 2514 1803 2571 detm-

1014 2599 1192 2674 »minaretua
1207 2603 1236 2655 et
1249 2599 1342 2657 anima
1356 2601 1488 2658 sensitiva
1503 2601 1539 2657 ad
1553 2601 1670 2673 gradum
1682 2603 1803 2661 ratium-

1014 2687 1118 2745 »litatis
1137 2689 1309 2763 eveheretur,
1331 2689 1389 2745 sive
1408 2689 1432 2745 is
1451 2695 1586 2747 statuatur
1606 2691 1768 2749 miraculosa
1784 2709 1803 2749 a

1014 2776 1094 2834 ·Deo
1106 2776 1260 2852 superaddi,
1272 2777 1330 2834 siva
1343 2778 1374 2834 in
1387 2777 1443 2834 illis
1453 2779 1599 2836 animabus
1613 2781 1801 2856 seminalibus,

1016 2881 1105 2939 ‚quae
1119 2866 1154 2923 ad
1169 2865 1367 2924 humanitatem
1381 2867 1532 2924 destinatae
1546 2872 1620 2942 suut,
1629 2867 1689 2939 jam
1702 2869 1799 2944 lateat,

1014 2954 1062 3010 »iu
1087 2958 1150 3012 actu
1174 2954 1291 3029 signato,
1319 2955 1368 3013 sed
1393 2957 1535 3014 evolvatur
1561 2958 1670 3015 demum
1688 2961 1716 3013 et
1738 2974 1802 3014 sese

1015 3047 1141 3117 »enerat,
1166 3060 1228 3100 cum
1248 3059 1345 3118 eorpus
1364 3046 1522 3118 organicum
1541 3046 1592 3102 tali
1612 3047 1718 3104 ammae
1738 3064 1803 3122 pro·

1014 3132 1132 3205 »prium,
1154 3148 1203 3206 per
1217 3130 1343 3190 ultimum
1364 3141 1531 3209 conseptum,
1553 3135 1639 3192 etiam
1658 3136 1687 3194 iu
1707 3137 1802 3194 buma-

1013 3236 1100 3277 ·num
1114 3220 1215 3294 partim
1229 3222 1373 3297 evolvitur,
1389 3223 1489 3296 partim
1509 3226 1729 3299 transformatur,
1751 3226 1800 3283 bu·

1013 3324 1114 3366 -usano
1128 3309 1283 3380 organismo
1297 3312 1381 3368 diam
1395 3329 1452 3369 non
1466 3312 1518 3369 nisi
1533 3313 1564 3370 in
1577 3313 1674 3369 barum
1695 3314 1802 3372 anima·

1013 3412 1093 3455 ·rum
1106 3398 1268 3472 emporibus
1281 3400 1478 3476 praestabilito,
1494 3403 1556 3459 aliis
1569 3401 1680 3458 infinitis
1693 3404 1803 3459 auima-

1014 3486 1093 3561 ·bua,
1108 3487 1331 3561 animalcullsque
1345 3489 1531 3565 seminalibus,
1548 3490 1585 3560 (ai
1596 3489 1663 3547 talia
1676 3489 1801 3548 admitti·

1014 3575 1108 3646 arnus)
1124 3576 1168 3634 vel
1183 3581 1256 3634 certe
1276 3579 1467 3650 praeformatis
1486 3578 1645 3653 corporibus
1664 3579 1801 3650 organicis

1014 3663 1196 3739 nviveutrbus,
1211 3664 1286 3723 iutra
1303 3668 1462 3725 sensitivam
1481 3673 1596 3725 naturae
1610 3668 1724 3740 gradum
1738 3669 1803 3726 sub·

1013 3753 1205 3828 *dsoeutibua
1225 3758 1284 3812 tam
1302 3756 1333 3812 iu
1349 3762 1411 3814 actu
1430 3757 1552 3832 signato,
1572 3773 1656 3831 quam
1675 3758 1705 3814 iu
1724 3775 1802 3815 exer·

1015 3841 1098 3916 mito,
1114 3848 1146 3899 ut
1159 3842 1268 3899 scholae
1283 3844 1439 3918 lequuntur.
1473 3846 1534 3903 Erit
1547 3862 1614 3917 ergo
1628 3847 1730 3920 badux
1743 3847 1802 3921 qui·

1015 3930 1108 4006 »dam
1128 3930 1177 3989 sed
1195 3932 1279 4005 paulo
1297 3934 1466 3991 naetabilior
1485 3951 1568 4007 quam
1587 3950 1669 4009 ιιιιιιιιι
1689 3937 1803 4007 Augu·

1015 4020 1146 4078 -stiuus
1169 4020 1272 4094 aliique
1285 4023 1337 4078 viri
1352 4023 1454 4098 egregii
1467 4028 1635 4098 statuerunt,
1668 4042 1724 4082 nou
1743 4024 1802 4082 ani·

1013 4122 1096 4166 »mae
1108 4125 1146 4167 ex
1159 4109 1254 4167 anima
1268 4104 1397 4187 (mjoetus
1412 4112 1548 4170 vetenbus
1562 4117 1595 4170 ut
1607 4128 1645 4168 ea
1659 4112 1802 4189 prudentia

1015 4202 1123 4272 »pstea
1145 4215 1195 4255 uae
1214 4205 1328 4257 naturae
1348 4217 1441 4259 rerum
1455 4203 1666 4274 oooseutaneus)
1682 4201 1729 4261 sed
1742 4201 1802 4260 arii·

1014 4288 1100 4344 -arati
1115 4302 1151 4343 ex
1164 4287 1316 4344 animato.-

1054 4374 1175 4432 Maasa
1196 4375 1263 4432 nibil
1283 4377 1358 4433 aliud
1377 4383 1419 4435 est
1438 4393 1523 4452 ιιιιιιιιι
1539 4377 1757 4453 phaenomeuon,
1771 4383 1804 4435 ut

1010 4463 1071 4521 lris.
1116 4464 1144 4520 Si
1159 4465 1234 4521 Deus
1255 4481 1356 4523 novam
1377 4472 1450 4524 creet
1470 4468 1601 4542 animam,
1622 4468 1666 4524 vel
1679 4466 1805 4525 Monada

178 4559 293 4615 murae
306 4553 343 4625 vi,
360 4551 408 4610 sed
422 4552 484 4610 Dei.
528 4553 616 4610 Dicis:
642 4551 688 4609 -Si
703 4556 823 4609 martem
837 4554 913 4608 tuam
927 4568 966 4609 re
1010 4552 1111 4627 potius,
1134 4557 1162 4608 et
1188 4553 1268 4610 faeiat
1288 4555 1380 4628 priora
1400 4556 1528 4627 organiea
1549 4556 1624 4616 eoire
1648 4557 1678 4613 in
1697 4571 1804 4613 novum

181 4648 243 4703 aem
267 4642 398 4717 percipio,
423 4641 533 4698 animae
557 4640 725 4698 irrationalis
748 4640 780 4697 in
804 4640 968 4698 mtioudem
1008 4656 1108 4715 eorpus
1121 4643 1290 4718 organicum,
1313 4648 1370 4701 ιιοιι·
1390 4645 1452 4702 ideo
1473 4645 1584 4703 auxerit
1604 4660 1731 4716 mamm,
1751 4643 1803 4700 sed

181 4729 391 4804 »asenaria
406 4734 477 4786 esset
490 4748 541 4805 pro
555 4730 647 4787 anima
662 4729 812 4787 irrationali
832 4745 904 4803 quae
922 4727 968 4786 ds·
1008 4729 1189 4804 qmntitatem
1210 4731 1404 4807 pbaeuomeni,
1426 4738 1457 4791 ut
1484 4738 1569 4808 patet.
1613 4733 1739 4808 Suspieor
1757 4737 1803 4789 ta-

181 4824 257 4898 ·siit,
271 4819 435 4879 substituere
449 4820 643 4878 rationalemz·
661 4819 709 4875 sed
730 4818 807 4875 videa
826 4836 862 4875 ex
877 4818 965 4893 dietis,
1009 4834 1073 4876 men
1087 4819 1139 4877 boe
1153 4820 1201 4877 vix
1214 4838 1231 4878 a
1246 4822 1306 4879 Deo
1321 4838 1443 4897 unquam
1457 4823 1529 4897 lieri,
1545 4839 1609 4880 eam
1623 4822 1725 4881 nodam
1739 4819 1805 4891 ejus

177 4912 248 4972 trane
262 4912 382 4970 mentera
396 4923 485 4966 meam
500 4924 557 4964 non
571 4924 638 4964 esse.
681 4907 736 4975 Qui
755 4907 892 4981 duplieem
912 4912 967 4965 sta·
1009 4908 1198 4967 messanam
1214 4910 1330 4968 rideam
1375 4911 1580 4986 Disputationes
1604 4912 1639 4968 de
1665 4911 1707 4968 his
1731 4927 1805 4985 quas

178 5007 261 5060 tunut
279 5002 310 5058 in
329 4997 410 5056 uobis
427 4997 558 5069 ιιιίιιιιιιιι,
584 4997 658 5053 velut
678 4995 881 5072 Gasseudiaoe,
907 4996 966 5052 ani·
1008 4998 1068 5056 Dee
1083 4998 1227 5072 possibilia
1242 5005 1307 5057 sunt
1320 5001 1413 5059 multis
1426 5001 1501 5057 tricis
1516 5000 1656 5058 obnoxiae
1671 5005 1742 5058 sunt.

177 5104 253 5149 mam
278 5088 487 5146 immaterialem
513 5085 599 5145 brutis
618 5102 674 5144 uon
694 5083 828 5142 tribuunt.
872 5086 966 5160 ltaque
1051 5086 1132 5153 Quod
1152 5087 1187 5144 cle
1207 5088 1374 5147 &dariam
1394 5089 1500 5163 quaeris
1527 5105 1620 5147 ursum
1645 5090 1805 5164 explicandi

178 5178 219 5238 tili
236 5178 305 5240 nihil
321 5177 358 5237 ad
377 5177 527 5236 anaema
547 5190 628 5234 meaa
673 5173 702 5232 Si
722 5174 896 5233 Paradoaam
915 5190 965 5252 pu·
1007 5176 1131 5253 modum,
1146 5175 1297 5252 respondeo
1321 5177 1394 5255 apud
1418 5195 1471 5236 uos
1496 5181 1602 5238 nullum
1621 5195 1682 5238 esse
1702 5181 1804 5254 locum,
