3706 5828
894 405 1060 498 xuv.

336 718 337 722 ψ
416 595 781 718 REPONSE
832 594 999 716 AUX
1040 595 1538 718 REFLEXIONS
1647 713 1650 719 ,

163 821 228 889 eur
249 820 292 878 sn
312 819 513 877 rnnuvuur
533 818 631 875 nne
652 818 699 876 un
722 817 774 874 23.
795 816 966 875 Joununu
986 818 1037 873 uu
1058 817 1176 874 curun
1197 816 1334 891 runnu,
1355 795 1558 875 nudentur
1585 816 1649 874 uus
1670 816 1797 875 eonsu-

296 925 461 992 Quuucus
483 925 534 981 nu
554 924 745 991 Quunurs
767 923 950 982 uunnous
971 923 1023 980 uu
1043 923 1094 980 uA
1114 923 1355 982 Puuesouuu
1375 925 1426 980 un
1447 923 1665 1007 uncelenus.

903 1085 1061 1097 ——n—-ov—

842 1134 1120 1276 1697.

205 1477 325 1536 (inurunt
342 1482 387 1527 der
404 1485 506 1528 serm
525 1478 566 1526 1⁹.
584 1485 609 1526 et
626 1479 669 1526 26.
685 1480 753 1525 deut
774 1479 849 1526 1697.
866 1498 902 1508 -
920 1478 1025 1525 hellin
1042 1479 1105 1535 opp.
1122 1477 1161 1524 ed.
1178 1479 1301 1526 nutans
1317 1479 1389 1527 'rom
1404 1481 1436 1524 n
1454 1480 1482 1524 Ρ.
1495 1480 1517 1525 1.
1531 1490 1556 1535 p.
1571 1478 1624 1529 tte
1642 1484 1668 1524 et
1683 1474 1763 1531 m.)
1787 1544 1790 1549 ἣ

880 1621 1090 1630 --—-—--.—--.

212 1744 355 1800 Moneieur
373 1736 474 1800 l'Abbe
492 1715 632 1799 riloaise
651 1757 696 1799 me
714 1742 816 1799 rendra
835 1739 960 1811 toujomu
983 1763 986 1770 ·
1010 1746 1084 1817 gret,
1106 1759 1150 1800 ees
1168 1741 1321 1799 Seetnteurs
1340 1732 1495 1810 n'qjeutent
1513 1757 1629 1815 presque
1646 1740 1707 1798 rien
1726 1738 1802 1797 tren

169 1831 354 1906 temoigunge‚
374 1848 427 1904 que
441 1847 488 1887 ma
500 1831 581 1888 lettre
594 1822 678 1903 qu'on
691 1833 779 1887 redite
793 1821 838 1886 n'a
851 1846 901 1903 pus
916 1828 961 1887 ete
1010 1829 1197 1904 deeouvertoe,
1220 1835 1249 1887 et
1269 1830 1336 1888 e'est
1348 1830 1434 1886 l'effet
1448 1829 1586 1886 ordinaire
1600 1831 1636 1886 de
1648 1820 1755 1902 l’esprit
1767 1829 1803 1886 de

169 1920 254 1978 emite
273 1936 344 1994 pour
362 1920 390 1976 le
403 1919 510 1994 publie3
529 1923 557 1975 et
571 1937 602 1976 ee
616 1921 660 1976 fut
674 1916 692 1974 ὲ
712 1911 860 1976 l'oeeusion
880 1918 916 1975 de
929 1934 962 1975 ee
1011 1923 1082 1977 seete
1101 1935 1137 1975 eu
1155 1918 1338 1992 Plulusophie.
1381 1918 1495 1975 Comme
1513 1920 1603 1975 tontes
1615 1935 1675 1974 mes
1687 1918 1754 1973 veen
1766 1934 1803 1974 ue

170 2002 236 2083 qu’il
251 2025 295 2065 me
309 2010 340 2064 lit
353 1998 495 2065 l'honneur
509 2008 543 2064 de
557 2024 602 2063 me
616 2007 738 2081 mandet,
749 2025 797 2064 sur
807 2007 834 2063 ln
848 2023 962 2064 eeneure
1011 2007 1126 2064 tendent
1143 2008 1227 2081 qu’au
1245 2007 1310 2064 bien
1329 2008 1367 2063 du
1386 2007 1492 2080 public,
1510 2005 1570 2076 j'en
1588 2006 1617 2061 ai
1631 2007 1673 2063 dit
1686 2006 1803 2078 quelque

170 2096 284 2155 reite-ee
298 2097 334 2154 de
347 2096 401 2153 Mr.
414 2087 547 2169 l’Eveque
562 2090 746 2153 d’Avranches
759 2096 795 2153 de
808 2097 837 2151 la
851 2100 913 2168 part
927 2096 963 2151 de
1012 2098 1092 2155 chose
1111 2097 1147 2154 de
1165 2101 1237 2167 teme
1256 2113 1292 2153 en
1311 2100 1381 2152 teme
1396 2111 1466 2169 pour
1479 2095 1518 2151 les
1531 2095 1670 2168 revelller,
1691 2096 1805 2152 sadraut

68 2208 75 2227 κ
170 2190 215 2244 eet
227 2186 333 2242 illustre
347 2184 446 2257 Prelat,
460 2183 556 2258 queje
568 2185 622 2241 mis
636 2185 705 2241 dnus
720 2201 767 2241 ma
782 2185 826 2241 3e.
837 2183 962 2258 reponse,
1013 2186 1080 2243 bien
1096 2202 1151 2259 que
1170 2185 1230 2242 leur
1248 2183 1421 2258 penetratiou
1439 2184 1479 2240 les
1497 2183 1632 2241 menemit
1650 2183 1716 2239 bien
1736 2183 1804 2256 lein,

102 2331 104 2334 ,
171 2280 248 2332 entre
260 2272 385 2346 quautite
398 2263 516 2330 ‹l'uutree
529 2274 633 2346 choses,
648 2272 966 2347 eepeudeligueedont
1014 2275 1072 2330 s'iln
1092 2290 1130 2330 ne
1148 2274 1290 2343 eroyoient
1308 2288 1358 2347 pas
1378 2288 1432 2346 que
1450 2272 1511 2328 leur
1523 2273 1623 2329 meitre
1638 2272 1714 2328 nvoit
1728 2287 1805 2328 meu

172 2381 211 2420 un
224 2363 316 2419 habile
329 2366 358 2418 et
370 2361 613 2436 relepurtisande
626 2358 965 2418 Mr.Deseartesaete
1015 2363 1075 2420 fait.
1107 2362 1161 2419 uu
1181 2361 1306 2432 tuujours
1319 2360 1425 2420 deelere'
1439 2376 1492 2432 que
1509 2360 1631 2430 j'estime
1651 2360 1806 2417 intinunent

172 2450 284 2524 doque.
311 2451 433 2523 lemque
443 2442 560 2526 j’apprie
574 2444 657 2524 qu'on
671 2451 777 2508 vouloit
797 2449 905 2523 publier
922 2453 966 2505 oet
1015 2452 1070 2510 Mr.
1085 2452 1286 2508 Deseartes:
1309 2451 1399 2521 llya
1413 2466 1466 2522 peu
1485 2450 1520 2506 de
1539 2449 1631 2523 genien
1644 2449 1694 2522 qui
1707 2465 1806 2522 appre

172 2541 276 2599 extruit
295 2540 330 2596 de
351 2556 398 2595 ma
416 2541 511 2613 lettre,
529 2539 561 2610 je
579 2541 677 2596 voulus
696 2531 872 2612 l'empedrer,
894 2537 966 2594 mais
1016 2541 1097 2597 ulrent
1115 2540 1153 2596 du
1175 2538 1249 2595 sien:
1285 2539 1320 2595 Je
1338 2556 1374 2595 ne
1392 2537 1506 2595 eonnois
1525 2529 1571 2611 qu'
1590 2536 1805 2610 Archimede,

173 2634 237 2703 trop
255 2629 327 2685 tnrd.
371 2629 409 2684 (Ie
430 2619 499 2685 n'est
518 2645 567 2702 pne
595 2644 649 2700 que
667 2646 698 2684 ee
717 2621 782 2701 qu'il
797 2643 816 2697 y
831 2644 849 2683 a
863 2643 899 2683 ne
913 2626 968 2681 soit
1016 2627 1204 2703 ceperum,
1224 2627 1371 2701 Galilei‚
1391 2628 1536 2699 Kepler,
1554 2625 1719 2699 Jnngius,
1739 2627 1806 2682 Mrs.

91 2767 93 2770 .
174 2717 243 2790 urei,
258 2721 288 2773 et
301 2717 384 2789 digne
398 2717 434 2773 de
448 2732 605 2788 remerque3
627 2717 696 2772 mais
711 2718 777 2773 e’eet
791 2731 844 2788 que
856 2715 888 2784 je
907 2711 968 2787 pre·
1017 2719 1183 2790 Huygens
1206 2720 1235 2772 et
1254 2715 1413 2787 Newton,
1436 2720 1466 2771 et
1482 2715 1598 2787 quelque
1617 2716 1808 2788 pendentm

174 2805 274 2876 voyois
287 2821 340 2877 que
354 2821 424 2861 ceux
438 2806 486 2877 qui
496 2822 541 2860 me
551 2806 698 2861 eroiroient
708 2806 787 2862 avoir
796 2808 859 2876 part
871 2802 968 2859 eeette
1018 2808 1053 2863 de
1063 2810 1134 2863 cette
1145 2806 1226 2876 soree,
1241 2805 1373 2876 nuxquels
1383 2820 1421 2861 on
1433 2804 1556 2876 pounoit
1564 2801 1673 2872 deuter
1685 2805 1810 2873 Pytha·

174 2893 352 2968 publieetion
369 2893 396 2949 le
410 2893 570 2966 pourmient
583 2894 700 2967 prendre
713 2910 784 2967 pour
794 2909 848 2948 une
858 2892 968 2963 ursule,
1019 2911 1115 2968 gere,
1137 2891 1350 2966 Democrite‚
1369 2894 1511 2963 Platon,
1526 2893 1701 2965 Aristote,
1716 2893 1809 2948 Suis·

145 2976 147 2979 ’
175 2987 205 3038 et
225 2982 386 3055 pourroient
399 2998 444 3037 me
457 2998 629 3054 soupqonner
643 2982 679 3038 de
692 2983 809 3054 quelque
823 2977 970 3036 animosite
994 3020 996 3041 ,
1019 2988 1087 3056 set,
1115 2982 1263 3054 Garden,
1289 2981 1442 3053 Gilbert,
1464 2981 1697 3053 Verulamius,
1719 2982 1810 3038 Cam·

175 3075 271 3128 eonue
290 3086 328 3125 uu
342 3070 449 3126 Autenr
467 3070 536 3127 dont
551 3064 602 3138 j'ai
616 3070 740 3141 toujours
754 3067 860 3126 admire
873 3070 900 3125 le
914 3085 971 3124 me·
994 3044 997 3105 l
1020 3071 1170 3146 panella,
1193 3071 1385 3144 llarveeus‚
1408 3071 1461 3125 Mr.
1476 3071 1613 3143 Pascal,
1634 3075 1663 3125 et
1681 3071 1812 3142 quelques

176 3159 244 3230 rite3
266 3163 295 3215 et
313 3162 408 3214 contre
427 3175 467 3214 un
487 3159 559 3231 parti
579 3150 617 3214 οὺ
640 3159 660 3215 il
680 3175 700 3229 y
720 3176 738 3215 a
759 3158 807 3214 des
821 3173 970 3230 personnes
994 3154 997 3275 p
1020 3164 1120 3216 autres.
1155 3159 1235 3214 llert
1248 3159 1309 3213 vrai
1324 3159 1475 3232 oependant
1488 3174 1541 3230 que
1556 3158 1609 3215 Mr.
1623 3159 1813 3216 Deeeartes

177 3264 231 3321 que
241 3238 364 3318 j’estime
378 3252 406 3304 et
420 3262 472 3319 que
483 3237 622 3321 j’lronore‚
644 3251 673 3304 et
687 3248 735 3320 qui
749 3263 794 3303 me
809 3249 870 3303 lent
884 3238 971 3302 l’hou·
995 3278 998 3299 ι
1020 3266 1039 3305 a
1053 3247 1102 3305 use
1114 3247 1253 3318 d'artifiue,
1269 3263 1338 3319 pour
1351 3248 1463 3320 profiter
1476 3246 1525 3302 dee
1536 3245 1710 3305 dereuvertee
1720 3252 1813 3303 nunes

177 3352 247 3395 neur
266 3336 301 3392 de
316 3352 362 3392 me
377 3339 478 3392 mettre
490 3352 527 3392 eu
540 3352 610 3409 tang
623 3336 658 3393 de
671 3336 744 3392 leurs
758 3336 841 3407 amis,
863 3334 971 3391 nonob-
1020 3353 1085 3394 sens
1098 3337 1159 3392 leur
1172 3352 1208 3391 eu
1222 3335 1330 3391 vouloir
1344 3335 1464 3408 pamitre
1477 3335 1629 3393 redeveble.
1665 3335 1690 3391 ll
1704 3336 1814 3393 lraitoit

178 3429 253 3482 stunt
267 3424 295 3480 lu
309 3423 438 3482 diremite
452 3425 486 3480 de
499 3440 552 3480 nos
565 3424 703 3497 opinions.
749 3421 972 3498 Cependautj'a-
1022 3425 1187 3485 d'exoelleus
1211 3424 1335 3480 hommes
1359 3424 1442 3481 ‹l'une
1460 3423 1582 3481 uraniere
1601 3423 1703 3494 injuste
1723 3429 1752 3481 et
1770 3424 1814 3480 in·

178 3516 249 3570 voiie
263 3513 348 3570 dene
361 3530 411 3586 pen
425 3513 603 3586 eumprendue
616 3508 774 3570 l'intention
788 3513 824 3568 de
837 3513 908 3568 eelui
923 3510 971 3582 qui
1022 3514 1118 3588 digne,
1138 3513 1195 3569 lore
1208 3513 1290 3585 qu'ils
1304 3512 1345 3569 lui
1359 3512 1488 3568 taisoieut
1501 3513 1641 3587 emungo,
1659 3516 1689 3569 et
1701 3513 1723 3568 il
1737 3512 1816 3571 eruit

178 3600 267 3660 relute
280 3618 313 3658 ee
326 3618 439 3676 passage
454 3602 488 3657 de
498 3618 545 3657 nra
555 3601 645 3674 lettre,
660 3606 690 3658 et
699 3602 726 3658 le
735 3601 828 3675 public
837 3617 873 3656 eu
882 3600 973 3656 meme
1022 3620 1077 3661 une
1097 3601 1235 3658 ambition
1253 3599 1409 3657 demesuree
1429 3618 1498 3676 pour
1516 3596 1626 3674 s'e'riger
1645 3618 1680 3657 en
1699 3601 1763 3658 (ires
1779 3602 1816 3659 de

180 3696 261 3748 tems.
305 3685 353 3747 S'il
373 3690 470 3747 l‘avoit
488 3689 570 3746 lairee
589 3691 658 3746 dune
678 3685 833 3748 l’obecurite
847 3690 894 3761 qui
907 3704 973 3747 eon·
1023 3691 1103 3767 parti.
1145 3691 1219 3746 Mais
1243 3690 1302 3746 cele
1322 3706 1358 3746 ne
1377 3691 1500 3746 diminue
1518 3691 1598 3764 point
1616 3691 1644 3746 la
1663 3689 1762 3748 beaute
1781 3691 1818 3748 de

180 3779 276 3837 venoit
294 3777 380 3836 eune
400 3779 481 3835 lettre
500 3778 687 3852 perfimdere,
709 3768 862 3834 iln’auroit
875 3795 926 3852 pus
939 3792 974 3832 eu
1023 3798 1067 3838 see
1080 3778 1201 3854 penseeu
1237 3778 1306 3836 Bien
1325 3779 1384 3835 loin
1397 3771 1578 3853 d'approuver
1591 3771 1675 3852 qu’on
1689 3777 1816 3852 meprine,

181 3867 279 3925 besoin
294 3867 329 3923 de
343 3868 460 3941 prendre
473 3867 502 3923 ln
516 3866 596 3940 peine
609 3867 644 3924 de
657 3868 685 3923 le
698 3869 817 3924 refutet..
841 3866 907 3923 (ieln
920 3865 975 3923 soit
1024 3874 1054 3926 et
1066 3869 1151 3942 qu'ou
1165 3885 1236 3942 paye
1250 3858 1441 3939 d'iugratitude
1456 3868 1481 3924 le
1491 3869 1551 3924 vrai
1561 3867 1666 3939 merite,
1680 3868 1747 3925 e'est
1756 3869 1818 3924 eela

183 3957 226 4013 dit
244 3971 308 4010 sens
328 3955 355 4011 le
375 3956 481 4011 blemer
495 3971 564 4030 pour
578 3956 651 4029 eele',
670 3960 699 4013 et
713 3972 777 4012 snus
792 3970 837 4012 me
850 3955 975 4029 plaiudre
1025 3974 1079 4032 que
1093 3955 1125 4027 je
1139 3957 1233 4014 bieme
1251 3956 1476 4030 prineipnlenent
1489 3972 1525 4013 en
1546 3958 1599 4013 lllr.
1614 3957 1817 4032 Desearteu,

179 4046 218 4103 de
231 4061 283 4100 son
297 4042 420 4117 prooede
501 4053 504 4057 ’
1026 4052 1057 4103 et
1070 4063 1169 4103 eueore
1188 4047 1249 4119 plus
1264 4062 1299 4100 en
1315 4045 1450 4118 pluuieure
1463 4045 1498 4100 de
1512 4062 1556 4103 see
1567 4047 1729 4117 securene,
1748 4045 1819 4102 dont

227 4133 272 4189 On
283 4123 413 4188 m'aeruse
427 4131 465 4188 de
480 4131 618 4190 vouloir
632 4131 763 4191 etnblir
777 4149 828 4188 mn
842 4130 977 4205 reputa·
1026 4136 1233 4193 l'atteehement
1253 4134 1310 4190 mel
1324 4134 1444 4190 entendu
1458 4133 1476 4190 d
1490 4150 1530 4190 un
1544 4134 1603 4191 seul
1616 4135 1722 4190 Auteur
1735 4151 1819 4190 nour·

185 4221 264 4279 tion
283 4238 341 4276 sur
360 4220 394 4275 la
413 4221 514 4276 ruine
533 4220 574 4277 de
592 4221 683 4278 uelle
703 4222 744 4278 de
764 4222 823 4277 Mr.
837 4221 978 4277 Descur·
1026 4225 1064 4282 rit
1084 4225 1112 4280 ln
1131 4222 1305 4297 preventiou,
1326 4227 1354 4278 et
1372 4225 1413 4280 les
1433 4224 1561 4297 emperlre
1581 4223 1616 4280 de
1638 4224 1750 4295 profiter
1769 4223 1820 4279 des

185 4315 244 4366 tes.
288 4309 363 4365 C'est
380 4308 415 4364 de
437 4306 496 4364 uela
515 4325 568 4381 que
584 4309 637 4378 j'ui
651 4309 725 4367 droit
738 4310 772 4367 de
787 4326 833 4366 me
846 4307 976 4383 plaindre.
1027 4311 1155 4370 lumieree
1168 4312 1203 4367 de
1217 4316 1279 4367 tunt
1292 4311 1418 4368 d’autren.
1439 4311 1493 4368 lai
1503 4315 1630 4369 euutume
1643 4311 1678 4367 de
1692 4310 1752 4368 dire
1764 4327 1820 4384 que

184 4397 323 4456 Bienloiu
333 4398 369 4453 de
379 4396 978 4472 vordeirruiuerlareputetiondeeegmud
1001 4424 1004 4522 p
1027 4403 1056 4458 ln
1076 4400 1250 4472 Philosophie
1268 4386 1498 4458 Certesieuue
1516 4405 1569 4458 est
1588 4415 1716 4456 comme
1735 4400 1820 4456 l'an·

185 4487 310 4560 hemme,
328 4485 359 4555 je
378 4489 475 4542 trouve
494 4501 548 4558 que
568 4503 620 4543 eon
637 4485 771 4544 veritable
791 4485 888 4543 merite
907 4485 980 4542 n'est
1001 4530 1004 4572 5
1028 4487 1219 4546 tiuhaurbre
1233 4488 1274 4543 de
1289 4487 1323 4543 ln
1337 4487 1462 4564 verite,
1483 4492 1512 4545 et
1525 4481 1591 4561 qu’il
1604 4493 1647 4545 est
1660 4489 1771 4546 difficile
1785 4488 1821 4546 de

186 4592 236 4651 pes
250 4591 326 4631 assez
339 4590 438 4646 eonuu,
454 4591 534 4648 pareo
548 4575 633 4646 qu'on
647 4591 683 4631 ne
692 4573 842 4649 eonsidere,
857 4578 886 4630 et
895 4575 981 4646 qu'on
1004 4597 1006 4609 =
1030 4575 1156 4651 penetret
1169 4575 1235 4633 bien
1249 4580 1341 4650 avant,
1363 4594 1427 4633 sans
1440 4577 1519 4635 avoir
1532 4576 1612 4650 pesse
1625 4575 1728 4650 paule:
1750 4575 1821 4634 mnis

188 4663 295 4720 n'imite
312 4680 364 4735 peu
381 4678 458 4717 nssez
479 4679 511 4718 ee
530 4663 598 4735 qn’il
616 4679 635 4718 e
649 4659 684 4718 eri
704 4662 739 4719 de
759 4665 821 4736 plus
839 4658 981 4720 exeelleut
1031 4683 1069 4724 ou
1089 4683 1119 4722 se
1139 4664 1217 4739 prive
1236 4667 1271 4723 de
1288 4664 1318 4721 ln
1336 4664 1469 4723 veriteble
1487 4666 1682 4724 eoluroissenee
1700 4667 1738 4723 du
1754 4666 1821 4724 send

188 4753 234 4809 On
243 4741 371 4808 s’atteehe
381 4749 595 4807 ordinairement
604 4767 661 4807 nux
671 4751 732 4824 plus
743 4752 841 4808 foibles
850 4752 982 4824 endroieu
1031 4755 1080 4812 der
1093 4755 1200 4826 ehoeoe,
1223 4753 1314 4827 quand
1328 4770 1365 4809 ou
1378 4756 1421 4826 s‘y
1435 4755 1533 4812 arrete.

190 4858 270 4918 paree
284 4832 366 4914 qu’iu
380 4841 444 4895 suut
458 4838 484 4894 le
499 4838 560 4911 plus
574 4837 592 4896 l
605 4839 634 4894 le
648 4838 743 4912 portee
757 4840 791 4895 de
804 4856 874 4897 eeux
887 4841 935 4913 qui
946 4857 982 4896 ne
1060 4843 1169 4923 'Qunnt
1183 4841 1241 4899 due
1250 4859 1304 4916 peu
1314 4842 1348 4898 de
1358 4842 1513 4917 reputetion
1524 4844 1608 4916 qu'on
1619 4859 1663 4899 me
1674 4843 1725 4898 fait
1736 4844 1822 4899 l‘hou·

189 4930 302 4986 veuleut
320 4928 401 5003 point
419 4943 449 4983 se
469 4926 576 4983 donner
594 4927 623 4982 la
642 4927 723 5000 peine
742 4927 777 4983 de
792 4927 907 4985 mediter
920 4945 982 5003 pre
1033 4947 1101 4988 nenr
1120 4932 1155 4987 de
1176 4931 1355 5004 m'aoeorder,
1373 4930 1404 5001 je
1419 4948 1454 4987 ne
1469 4932 1517 4989 l'ai
1531 4932 1611 5005 point
1624 4932 1717 5004 aequis
1730 4948 1767 4987 en
1780 4949 1823 4988 re·

193 5019 359 5091 loudement²
381 5021 410 5071 et
425 5015 573 5072 voudroiut
586 5019 717 5088 pourtent
731 5016 862 5073 enteudre
874 5018 901 5073 le
916 5018 983 5075 lond
1034 5022 1124 5077 futeut
1138 5020 1190 5075 lllr.
1206 5020 1404 5091 Descarles,
1427 5024 1455 5076 et
1470 5019 1501 5089 je
1515 5015 1571 5077 n’ei
1585 5022 1663 5095 point
1677 5020 1774 5077 besoin
1788 5020 1824 5077 de

193 5102 242 5164 dee
256 5107 358 5164 choses.
401 5105 474 5164 Oet
487 5121 520 5162 ee
533 5103 581 5179 qui
597 5104 660 5178 leit,
683 5095 747 5179 qu’d
761 5121 827 5162 mon
841 5104 929 5180 grand
942 5123 984 5164 re
1034 5127 1065 5168 ee
1079 5124 1196 5182 moyen3
1217 5109 1244 5166 le
1258 5108 1347 5184 Droit,
1364 5108 1512 5184 illisteire,
1526 5114 1554 5167 et
1568 5111 1607 5168 les
1621 5110 1724 5166 ueteres
1741 5127 1758 5179 y
1775 5113 1824 5166 ont
