3706 5828
697 323 1092 385 PRAEFATIO.
1614 333 1730 397 mn

72 451 187 545 ltsqm
207 452 341 544 enniido
361 448 446 521 banc
466 449 635 541 epistolam
655 476 721 523 non
742 455 784 524 ad
805 456 1022 526 Remundium
1043 457 1194 549 scriptam
1215 458 1322 529 lusisse.
1360 460 1469 546 Quam
1489 471 1599 534 tamen
1619 469 1731 538 amico

72 570 108 637 in
126 566 230 639 Gallis
249 567 376 660 degenti
397 569 529 635 missam
550 590 622 635 esse
642 590 708 637 non
728 570 835 639 solum
854 570 964 663 lingua
984 571 1098 662 prodit,
1120 594 1184 662 qua
1198 570 1372 641 beibnitius
1392 578 1500 659 utitur,
1521 577 1581 647 sed
1600 584 1731 671 praeci..

72 705 141 773 pue
162 680 261 752 verbe
279 681 323 751 ill
337 681 457 765 Wollii,
478 684 533 773 qui
553 706 631 751 cum
652 683 819 755 ostendere
837 685 935 754 vellet
955 708 991 755 se
1011 685 1242 775 philosophiam
1263 710 1328 755 non
1348 694 1548 781 accepisses
1569 693 1724 764 leibnitio
1741 680 1742 683 ¹

71 807 243 888 tamquam
263 820 284 867 a
303 800 466 889 magistro,
484 797 519 866 in
537 798 576 863 iis
598 820 681 887 quae
696 802 855 891 praelatus
875 810 926 870 est
937 799 1177 892 blonudologiae
1190 803 1326 869 versioni
1338 803 1548 874 Kilderianae
1561 811 1604 891 (r.¹
1617 818 1723 877 annot

72 911 118 980 ad
138 922 198 980 art.
217 911 453 998 cxxxvlii),
474 913 518 979 ita
538 910 692 1002 loquitur:
731 911 795 979 ·Es
822 911 879 981 hat
899 915 960 982 mir
986 914 1042 983 der
1063 914 1146 983 Herr
1167 915 1376 986 Uebersetaer
1396 921 1490 987 einen
1510 921 1642 1013 Aumug
1662 945 1730 991 aus

75 1028 205 1096 -einem
223 1026 329 1096 Brielc
350 1028 484 1119 gereigt,
504 1025 568 1095 den
588 1025 644 1095 der
664 1025 749 1095 llerr
768 1049 832 1096 von
853 1026 995 1097 Leibnite
1015 1030 1050 1098 in
1070 1028 1296 1099 [ranrisisclrer
1308 1032 1453 1123 Spracbe
1473 1056 1517 1102 an
1538 1036 1630 1104 einen
1645 1038 1729 1105 Ge-.

75 1140 259 1211 -lebrten
290 1138 388 1210 nach
408 1141 436 1210 F
444 1138 653 1209 rankreicb
674 1140 892 1232 gescbrieben,
922 1142 1011 1212 darin
1039 1167 1075 1213 er
1096 1142 1254 1235 gestebet,
1287 1169 1324 1214 er
1342 1145 1431 1217 bitte
1452 1150 1512 1217 mit
1531 1151 1592 1216 mir
1610 1151 1644 1219 in
1664 1170 1725 1220 rur

76 1254 332 1327 ‚Woltweirbeit
352 1254 524 1348 gebbsigen
544 1255 672 1325 Sacben
693 1253 826 1324 niemals
847 1258 1010 1325 oonleriret
1032 1257 1098 1326 und
1117 1258 1236 1327 litante
1256 1258 1308 1328 icb
1328 1284 1394 1331 von
1407 1264 1516 1331 seinen
1530 1262 1724 1356 bleinungcn

77 1371 203 1443 ‚nidrts
222 1373 352 1454 whsen,
371 1369 420 1438 als
439 1392 510 1437 was
528 1370 575 1437 im
596 1369 795 1438 tilientlicben
815 1366 928 1438 Druck
948 1371 1133 1441 vorbandcn
1153 1379 1242 1442 wiire
1255 1404 1284 1456 υ,
1298 1414 1339 1429 -
1356 1398 1439 1466 quae
1459 1377 1556 1446 verbu
1575 1377 1619 1445 sd
1639 1377 1724 1449 banc

73 1486 240 1555 rdermdu
264 1509 337 1555 esse
357 1482 526 1576 epistolam
546 1486 706 1552 neminem
727 1483 813 1552 latet
834 1522 881 1537 -—
902 1485 1015 1554 Restat
1036 1486 1173 1578 denique
1195 1498 1231 1556 ut
1252 1488 1293 1558 de
1314 1498 1459 1581 tempore
1479 1490 1597 1583 aliquid
1617 1493 1728 1562 dicum·

74 1622 144 1693 quo
164 1602 377 1693 conscriptam
397 1608 518 1692 putem.
560 1598 655 1689 Apud
675 1599 746 1666 Des
766 1598 934 1667 blaiseaux
954 1598 1038 1683 dies,
1070 1624 1136 1691 quo
1157 1613 1287 1671 exarata
1307 1606 1363 1687 sit,
1395 1603 1471 1674 bnic
1492 1610 1548 1674 uni
1569 1605 1729 1696 epistolas

74 1738 145 1787 non
165 1714 342 1806 adscriptam
364 1724 429 1794 est3
460 1715 494 1782 in
515 1713 664 1782 Dutensii
684 1735 761 1782 vero
783 1713 920 1783 editione
941 1713 1023 1783 baec
1045 1715 1233 1807 subscriptio
1261 1728 1365 1787 exstat
1395 1720 1539 1788 Nicone
1560 1726 1615 1790 26.
1637 1720 1727 1790 Aoos

77 1834 222 1913 ·1714·‚
243 1851 283 1898 oc
302 1831 410 1897 lorsan
431 1827 595 1896 miraberis
616 1827 702 1897 unde
724 1850 808 1919 quae
828 1827 899 1898 Des
919 1829 1086 1898 blaiseaurr
1107 1832 1271 1921 ignoravit,
1292 1831 1467 1925 descriptor
1487 1837 1620 1904 noverit
1654 1835 1728 1905 Sed

75 1945 134 2014 ubi
153 1943 208 2013 illo
228 1942 280 2012 die
300 1942 532 2034 spontania
545 1941 616 2009 Des
629 1941 797 2013 blaiueaux
817 1953 852 2012 et
870 1943 1020 2015 Dutensii
1041 1944 1229 2014 editionibus
1248 1946 1490 2036 praecedentem
1510 1951 1725 2039 conscriptam

74 2082 150 2131 sem
170 2059 297 2141 videris,
318 2081 407 2127 error
426 2059 616 2126 commissus
638 2067 670 2127 te
692 2080 757 2127 non
778 2057 895 2126 latebit
928 2058 1040 2150 ltaque
1061 2082 1136 2129 eum
1157 2070 1287 2153 temprrs
1301 2085 1366 2131 non
1380 2062 1552 2131 indicatum
1566 2065 1617 2145 sit,
1638 2082 1725 2152 opus

76 2184 127 2245 est
148 2177 341 2266 conjectura.
390 2172 484 2242 liano
504 2170 672 2262 epistolam
694 2172 902 2242 deobonae
922 2176 1135 2264 conscriptam
1156 2197 1228 2243 csse
1248 2173 1373 2244 disertio
1395 2177 1498 2245 verbis
1519 2178 1644 2268 inipso
1664 2173 1724 2244 de·

76 2290 225 2361 staram
280 2288 368 2357 Tum
394 2308 438 2356 ex
464 2309 504 2356 eo
526 2285 614 2379 quod
634 2287 810 2356 recondam
831 2287 1001 2357 editionem
1022 2290 1128 2378 operis
1149 2288 1332 2359 blontmorti
1353 2301 1517 2381 tamquam
1538 2288 1728 2380 propediem

75 2404 255 2475 taciendam
275 2404 366 2486 citat,
386 2411 445 2470 aut
466 2411 554 2470 certe
583 2404 767 2493 nuperrime
797 2405 930 2485 laetam,
957 2405 1106 2493 conjicias
1127 2427 1201 2474 eam
1222 2403 1389 2496 epistolam
1411 2426 1494 2472 anno
1514 2401 1729 2475 leCCXffl·

76 2520 291 2610 eonscriptum
311 2538 392 2585 esse„
445 2515 593 2585 Eundem
615 2526 899 2608 subsequentem,
931 2527 969 2585 ut
989 2540 1154 2586 summum
1173 2517 1303 2611 largiar,
1325 2540 1446 2588 annum
1467 2517 1585 2586 indicat
1605 2517 1725 2585 mentio

77 2656 233 2703 versuum
252 2633 286 2701 in
306 2631 515 2724 Fraguerium
536 2641 568 2701 et
589 2631 808 2701 Remundium
829 2633 1019 2723 scriptorum
1042 2654 1123 2724 quos
1144 2656 1245 2702 mens
1259 2631 1349 2703 blart
1371 2630 1636 2703 annilllDCClV.
1655 2629 1727 2700 Rc«

77 2747 211 2819 mundio
231 2747 316 2815 misit
334 2756 444 2814 noster
465 2749 517 2833 (ct
537 2766 610 2837 pag.
631 2750 651 2816 7
653 2751 719 2834 02)

167 2858 360 2931 mxvii
392 2860 510 2929 'l'rois
541 2860 689 2929 lettres
720 2857 825 2927 illr.
847 2857 1026 2930 Remond
1053 2858 1099 2929 de
1120 2858 1342 2930 blontmort
1385 2859 1547 2952 Vulgatae
1566 2867 1644 2927 sunt
1662 2856 1729 2928 hee

79 2975 123 3046 ad
143 2973 361 3044 Remundium
382 2973 532 3066 epistolae
560 2975 699 3064 primum
721 2997 742 3042 a
762 2974 832 3042 Des
852 2972 1020 3042 blaizeaux
1044 2973 1066 3041 l
1087 2992 1116 3043 c
1135 2973 1174 3043 ll.
1197 2998 1226 3064 p.
1251 2981 1332 3059 130,
1364 2973 1451 3045 unde
1470 2973 1649 3042 Dutensius
1668 2993 1728 3041 eas

78 3095 114 3161 in
139 3090 284 3160 editionis
309 3111 389 3158 suae
409 3087 484 3158 vot
510 3088 548 3158 V.
574 3090 703 3181 recepit
756 3087 878 3157 Earum
906 3090 1042 3179 primam
1064 3098 1098 3155 et
1117 3088 1293 3158 secrmdam
1314 3089 1356 3157 ob
1377 3090 1558 3181 argumenti
1577 3085 1728 3170 indolem,

78 3210 206 3277 murm
237 3205 407 3294 praecipue
439 3225 481 3271 ea
510 3202 553 3271 de
584 3225 683 3272 causa
712 3203 848 3286 inserui,
880 3201 969 3294 quod
995 3203 1191 3271 mentionem
1210 3204 1287 3271 lacit
1306 3204 1483 3293 scriptionis
1505 3202 1730 3292 subsequentis

78 3322 294 3415 grmisdmne,
314 3322 449 3411 ejusque
471 3316 513 3384 ad
533 3314 594 3384 alia
614 3317 731 3407 scripta
751 3315 949 3388 Leibnitiana
969 3318 1127 3386 rationem
1148 3326 1182 3386 ct
1202 3315 1389 3387 relatimem
1409 3316 1493 3385 bene
1515 3314 1632 3385 delinit.
1663 3314 1726 3384 Se·

78 3439 190 3531 quitur
209 3436 295 3503 em'm
313 3435 349 3501 in
369 3455 443 3500 meo
463 3430 614 3499 editione:
1409 3430 1414 3439 '
1723 3462 1729 3495 ·.

167 3546 375 3619 bxxxvttl
416 3545 470 3615 La
502 3542 787 3638 bloncdologie.
842 3546 915 3615 Hoc
946 3543 1039 3615 titulo
1071 3545 1215 3636 inscripsi
1250 3543 1366 3613 librum
1398 3543 1544 3612 Leibaitii
1582 3542 1728 3611 omnium

79 3666 319 3760 gravissimum,
357 3662 387 3730 si
417 3659 548 3752 quidem
567 3661 779 3751 reputaveris,
811 3683 852 3729 eo
885 3661 988 3751 primo
1015 3658 1207 3729 Leibnitium
1239 3669 1343 3728 totum
1376 3657 1538 3726 doctrinae
1570 3678 1650 3724 suae
1669 3662 1730 3746 sy'-

79 3792 199 3861 doma,
231 3779 324 3868 mjus
348 3774 490 3869 singulas
517 3783 624 3866 partes
651 3777 786 3867 sparsim
814 3796 855 3843 eo
881 3797 986 3866 usque
1014 3773 1169 3855 dedisset,
1199 3773 1338 3842 breviter
1366 3770 1524 3839 delineare
1546 3780 1580 3838 et
1599 3772 1633 3838 in
1654 3791 1729 3839 mo*

78 3894 160 3963 dum
192 3888 455 3983 eneyolopaediae
486 3887 657 3979 complecti
681 3898 835 3957 conatum
861 3911 943 3957 esse.
999 3889 1065 3973 Qui
1092 3886 1171 3955 liber
1197 3908 1274 3955 eum
1303 3886 1345 3955 ad
1371 3884 1459 3955 bunc
1485 3884 1570 3953 diem
1595 3906 1636 3952 ea
1663 3904 1731 3975 qus

79 4012 222 4102 primum
252 4007 391 4097 scriptus
422 4011 493 4071 erat
522 4005 626 4071 torma
658 4003 801 4071 nondum
834 4002 940 4071 editus
971 4005 1027 4086 sit,
1062 4003 1199 4071 breviter
1231 3999 1337 4093 placet
1368 3998 1538 4068 ostendero
1569 4018 1730 4088 quaenam

78 4126 146 4192 lota
165 4121 320 4191 babuerit.
361 4119 456 4188 Anno
477 4115 690 4186 leCGXlV.
710 4115 901 4202 Leibnitius,
928 4140 948 4187 a
969 4117 1116 4209 Principe
1138 4115 1284 4207 Eugenio
1305 4115 1521 4183 amantissime
1541 4121 1671 4202 rogatus
1691 4120 1730 4181 ut

79 4238 253 4307 eustentisn
284 4231 533 4325 philosophicas,
564 4253 646 4322 quus
676 4233 711 4300 in
742 4230 929 4302 tlreodieues
956 4230 1087 4322 aliisque
1109 4230 1232 4321 scriptis
1254 4228 1437 4321 protulisset
1457 4227 1521 4295 sibi
1536 4233 1730 4319 proponeret

79 4351 260 4421 aceruatim
282 4347 462 4439 explicatas,
481 4345 597 4414 librum
618 4348 808 4438 composuit,
829 4346 870 4416 de
891 4371 957 4439 quo
977 4348 1047 4437 ipse
1067 4343 1248 4413 Rernundio
1269 4345 1407 4434 scripsit:
1432 4344 1491 4411 ·Je
1513 4364 1596 4409 vous
1615 4339 1730 4409 envoie

84 4488 151 4533 -un
172 4464 252 4556 petit
271 4462 431 4544 discours,
458 4485 523 4552 que
540 4462 596 4553 j'ai
616 4462 672 4529 isit
691 4463 731 4529 ici
753 4484 835 4554 pour
855 4460 913 4528 blr.
935 4459 967 4529 le
986 4461 1102 4529 Prince
1121 4458 1255 4552 Eugine
1276 4458 1318 4528 de
1332 4460 1452 4528 Savoie
1473 4479 1530 4525 sur
1549 4478 1604 4525 ma
1616 4450 1726 4523 Philo-

83 4578 227 4672 ·soplrie.
274 4576 338 4645 l'ai
363 4577 476 4666 espiri
503 4598 568 4666 que
589 4598 629 4644 ce
650 4578 729 4668 petit
749 4577 828 4644 ierit
848 4574 1074 4644 contribucroit
1094 4573 1115 4643 l
1135 4576 1246 4642 mieux
1266 4573 1343 4642 [aire
1363 4569 1514 4642 entendre
1535 4590 1606 4638 mes
1625 4565 1728 4636 me'di·

84 4696 222 4763 ‚uriom
253 4714 296 4761 eu
327 4715 350 4782 y
380 4693 524 4783 joignant
554 4714 595 4760 ce
628 4714 692 4782 que
717 4692 771 4783 j'ai
792 4692 855 4759 mis
875 4688 954 4758 dans
976 4686 1025 4757 les
1043 4689 1202 4779 journaux
1223 4686 1264 4756 de
1284 4686 1428 4781 Leipcic,
1459 4684 1500 4754 de
1521 4684 1612 4755 Paris
1633 4690 1666 4750 et
1687 4679 1731 4751 de

84 4805 273 4879 ·llollande
315 4804 408 4874 Dans
429 4828 514 4875 ceux
534 4805 574 4874 de
596 4806 723 4896 Leipzic
741 4808 775 4898 je
796 4801 1015 4874 m'eceomode
1035 4826 1127 4872 assez
1147 4826 1191 4873 au
1211 4801 1348 4896 lengage
1369 4802 1411 4871 de
1431 4798 1557 4880 l'ecole,
1578 4796 1659 4866 dans
1678 4794 1730 4865 les

86 4934 217 4994 -amres
246 4923 280 5014 je
306 4919 523 4991 m'aocomode
550 4919 727 5013 davantage
747 4943 790 4989 au
811 4918 881 4989 stile
902 4916 961 4988 des
982 4918 1182 5001 Carte'siens,
1213 4928 1248 4988 et
1267 4916 1348 4987 dans
1368 4925 1453 4985 cette
1474 4913 1618 4983 derniire
1638 4912 1733 5004 piioe

85 5039 157 5132 ·j’ai
182 5034 275 5106 ticlri
303 5036 345 5106 de
374 5038 578 5129 m’exprimer
598 5035 693 5106 d'une
713 5037 856 5105 manibre
877 5035 933 5127 qui
953 5037 1062 5128 puisse
1083 5034 1151 5104 itre
1172 5032 1331 5103 entendue
1352 5029 1394 5099 de
1414 5049 1498 5098 ceux
1519 5028 1574 5119 qui
1594 5050 1637 5095 ne
1657 5031 1732 5093 sont

84 5176 167 5247 »prs
186 5174 305 5225 encore
324 5162 398 5247 trop
418 5154 636 5241 areoutumis,
656 5174 701 5225 eu
726 5150 797 5224 stile
817 5149 877 5223 des
896 5173 959 5223 uns
978 5160 1013 5224 et
1025 5150 1084 5223 des
1098 5158 1234 5223 anues-
1261 5147 1324 5222 llio
1337 5144 1417 5217 liber
1428 5144 1569 5236 primum
1582 5137 1732 5232 vulgatur
