<?xml version="1.0" encoding="UTF-8"?>
<!DOCTYPE html PUBLIC "-//W3C//DTD XHTML 1.0 Transitional//EN"
    "http://www.w3.org/TR/xhtml1/DTD/xhtml1-transitional.dtd">
<html xmlns="http://www.w3.org/1999/xhtml" xml:lang="en" lang="en">
 <head>
  <title>
</title>
<meta http-equiv="Content-Type" content="text/html;charset=utf-8" />
  <meta name='ocr-system' content='tesseract 3.04.00' />
  <meta name='ocr-capabilities' content='ocr_page ocr_carea ocr_par ocr_line ocrx_word'/>
</head>
<body>
  <div class='ocr_page' id='page_1' title='image "./operaphilosophi00erdmgoog_0732.png"; bbox 0 0 3712 5842; ppageno 0'>
   <div class='ocr_carea' id='block_1_1' title="bbox 365 340 1697 411">
    <p class='ocr_par' dir='ltr' id='par_1_1' title="bbox 365 340 1697 411">
     <span class='ocr_line' id='line_1_1' title="bbox 365 340 1697 411; baseline 0.002 -6"><span class='ocrx_word' id='word_1_1' title='bbox 365 342 507 405; x_wconf 78' lang='lat' dir='ltr'><strong>xxxin.</strong></span> <span class='ocrx_word' id='word_1_2' title='bbox 552 341 767 411; x_wconf 68' lang='lat' dir='ltr'><strong>Romanunm</strong></span> <span class='ocrx_word' id='word_1_3' title='bbox 787 342 860 402; x_wconf 78' lang='lat' dir='ltr'><strong>SUB</strong></span> <span class='ocrx_word' id='word_1_4' title='bbox 879 342 929 403; x_wconf 72' lang='lat' dir='ltr'><strong>tn</strong></span> <span class='ocrx_word' id='word_1_5' title='bbox 950 344 998 402; x_wconf 85' lang='lat' dir='ltr'><strong>Vl.</strong></span> <span class='ocrx_word' id='word_1_6' title='bbox 1018 343 1164 403; x_wconf 66' lang='lat' dir='ltr'><strong>tumltu</strong></span> <span class='ocrx_word' id='word_1_7' title='bbox 1184 342 1321 403; x_wconf 62' lang='lat' dir='ltr'><strong>Pellitos„</strong></span> <span class='ocrx_word' id='word_1_8' title='bbox 1344 351 1397 402; x_wconf 85' lang='lat' dir='ltr'><strong>eto.</strong></span> <span class='ocrx_word' id='word_1_9' title='bbox 1630 340 1697 407; x_wconf 81' lang='grc'><strong>683</strong></span> 
     </span>
    </p>
   </div>
   <div class='ocr_carea' id='block_1_2' title="bbox 57 476 1698 2037">
    <p class='ocr_par' dir='ltr' id='par_1_2' title="bbox 57 476 1698 1347">
     <span class='ocr_line' id='line_1_2' title="bbox 61 476 1698 559; baseline -0.002 -13"><span class='ocrx_word' id='word_1_10' title='bbox 61 492 123 546; x_wconf 86' lang='lat' dir='ltr'><strong>tum</strong></span> <span class='ocrx_word' id='word_1_11' title='bbox 139 498 297 543; x_wconf 77' lang='lat' dir='ltr'><strong>oonsensos.</strong></span> <span class='ocrx_word' id='word_1_12' title='bbox 342 482 441 540; x_wconf 82' lang='lat' dir='ltr'><strong>Unitas</strong></span> <span class='ocrx_word' id='word_1_13' title='bbox 459 484 629 541; x_wconf 74' lang='lat' dir='ltr'><strong>substantiae</strong></span> <span class='ocrx_word' id='word_1_14' title='bbox 652 500 803 557; x_wconf 72' lang='lat' dir='ltr'>corporeae</span> <span class='ocrx_word' id='word_1_15' title='bbox 828 485 859 541; x_wconf 93' lang='lat' dir='ltr'><strong>in</strong></span> <span class='ocrx_word' id='word_1_16' title='bbox 879 476 883 531; x_wconf 86' lang='grc'>1</span> <span class='ocrx_word' id='word_1_17' title='bbox 946 484 1050 541; x_wconf 83' lang='lat' dir='ltr'><strong>Verum</strong></span> <span class='ocrx_word' id='word_1_18' title='bbox 1075 491 1131 559; x_wconf 87' lang='lat' dir='ltr'><strong>ost,</strong></span> <span class='ocrx_word' id='word_1_19' title='bbox 1158 486 1310 541; x_wconf 79' lang='lat' dir='ltr'><strong>consentire</strong></span> <span class='ocrx_word' id='word_1_20' title='bbox 1335 484 1449 557; x_wconf 72' lang='lat' dir='ltr'><strong>dataro,</strong></span> <span class='ocrx_word' id='word_1_21' title='bbox 1475 498 1546 556; x_wconf 85' lang='lat' dir='ltr'><strong>quaa</strong></span> <span class='ocrx_word' id='word_1_22' title='bbox 1570 486 1640 541; x_wconf 79' lang='lat' dir='ltr'><strong>hamt</strong></span> <span class='ocrx_word' id='word_1_23' title='bbox 1667 485 1698 543; x_wconf 89' lang='lat' dir='ltr'><strong>ia</strong></span> 
     </span>
     <span class='ocr_line' id='line_1_3' title="bbox 59 540 1696 649; baseline 0.001 -20"><span class='ocrx_word' id='word_1_24' title='bbox 59 592 133 649; x_wconf 70' lang='lat' dir='ltr'><strong>capno</strong></span> <span class='ocrx_word' id='word_1_25' title='bbox 152 588 208 629; x_wconf 88' lang='lat' dir='ltr'><strong>nou</strong></span> <span class='ocrx_word' id='word_1_26' title='bbox 223 573 312 629; x_wconf 86' lang='lat' dir='ltr'><strong>oritur</strong></span> <span class='ocrx_word' id='word_1_27' title='bbox 324 572 362 627; x_wconf 88' lang='lat' dir='ltr'><strong>ab</strong></span> <span class='ocrx_word' id='word_1_28' title='bbox 375 570 433 630; x_wconf 87' lang='lat' dir='ltr'><strong>ulla</strong></span> <span class='ocrx_word' id='word_1_29' title='bbox 445 572 608 629; x_wconf 83' lang='lat' dir='ltr'><strong>reiraetiono</strong></span> <span class='ocrx_word' id='word_1_30' title='bbox 626 573 790 645; x_wconf 80' lang='lat' dir='ltr'><strong>monadum,</strong></span> <span class='ocrx_word' id='word_1_31' title='bbox 811 572 858 627; x_wconf 79' lang='lat' dir='ltr'><strong>aad</strong></span> <span class='ocrx_word' id='word_1_32' title='bbox 879 540 883 611; x_wconf 73' lang='grc' dir='ltr'>Ι</span> <span class='ocrx_word' id='word_1_33' title='bbox 901 574 996 629; x_wconf 85' lang='lat' dir='ltr'><strong>anima</strong></span> <span class='ocrx_word' id='word_1_34' title='bbox 1008 588 1071 629; x_wconf 88' lang='lat' dir='ltr'><strong>oum</strong></span> <span class='ocrx_word' id='word_1_35' title='bbox 1086 573 1135 646; x_wconf 85' lang='lat' dir='ltr'><strong>iis,</strong></span> <span class='ocrx_word' id='word_1_36' title='bbox 1161 587 1232 644; x_wconf 82' lang='lat' dir='ltr'><strong>quaa</strong></span> <span class='ocrx_word' id='word_1_37' title='bbox 1246 578 1326 628; x_wconf 80' lang='lat' dir='ltr'><strong>extra</strong></span> <span class='ocrx_word' id='word_1_38' title='bbox 1340 574 1463 628; x_wconf 75' lang='lat' dir='ltr'><strong>eitimam</strong></span> <span class='ocrx_word' id='word_1_39' title='bbox 1477 578 1622 645; x_wconf 67' lang='lat' dir='ltr'><strong>geruntur,</strong></span> <span class='ocrx_word' id='word_1_40' title='bbox 1647 574 1696 630; x_wconf 77' lang='lat' dir='ltr'><strong>aad</strong></span> 
     </span>
     <span class='ocr_line' id='line_1_4' title="bbox 58 660 1697 734; baseline 0 -15"><span class='ocrx_word' id='word_1_41' title='bbox 58 678 79 719; x_wconf 90' lang='lat' dir='ltr'><strong>a</strong></span> <span class='ocrx_word' id='word_1_42' title='bbox 93 662 203 720; x_wconf 85' lang='lat' dir='ltr'><strong>vineato</strong></span> <span class='ocrx_word' id='word_1_43' title='bbox 218 660 394 717; x_wconf 76' lang='lat' dir='ltr'><strong>substantiali</strong></span> <span class='ocrx_word' id='word_1_44' title='bbox 409 660 600 734; x_wconf 77' lang='lat' dir='ltr'><strong>superaddito,</strong></span> <span class='ocrx_word' id='word_1_45' title='bbox 621 678 669 733; x_wconf 89' lang='lat' dir='ltr'><strong>per</strong></span> <span class='ocrx_word' id='word_1_46' title='bbox 683 662 757 733; x_wconf 78' lang='lat' dir='ltr'><strong>qeaod</strong></span> <span class='ocrx_word' id='word_1_47' title='bbox 773 661 801 715; x_wconf 90' lang='lat' dir='ltr'><strong>in</strong></span> <span class='ocrx_word' id='word_1_48' title='bbox 817 660 858 732; x_wconf 83' lang='lat' dir='ltr'><strong>ip</strong></span> <span class='ocrx_word' id='word_1_49' title='bbox 903 662 938 718; x_wconf 89' lang='lat' dir='ltr'><strong>ad</strong></span> <span class='ocrx_word' id='word_1_50' title='bbox 953 661 1005 717; x_wconf 87' lang='lat' dir='ltr'><strong>hoo</strong></span> <span class='ocrx_word' id='word_1_51' title='bbox 1018 661 1132 733; x_wconf 75' lang='lat' dir='ltr'><strong>suffieit,</strong></span> <span class='ocrx_word' id='word_1_52' title='bbox 1155 665 1186 716; x_wconf 91' lang='lat' dir='ltr'><strong>at</strong></span> <span class='ocrx_word' id='word_1_53' title='bbox 1200 676 1270 731; x_wconf 79' lang='lat' dir='ltr'><strong>qoao</strong></span> <span class='ocrx_word' id='word_1_54' title='bbox 1285 666 1415 733; x_wconf 86' lang='lat' dir='ltr'><strong>geruntur</strong></span> <span class='ocrx_word' id='word_1_55' title='bbox 1426 661 1456 715; x_wconf 92' lang='lat' dir='ltr'><strong>in</strong></span> <span class='ocrx_word' id='word_1_56' title='bbox 1478 675 1532 715; x_wconf 83' lang='lat' dir='ltr'><strong>una</strong></span> <span class='ocrx_word' id='word_1_57' title='bbox 1546 662 1640 717; x_wconf 87' lang='lat' dir='ltr'><strong>anima</strong></span> <span class='ocrx_word' id='word_1_58' title='bbox 1654 678 1697 719; x_wconf 80' lang='lat' dir='ltr'><strong>ra·</strong></span> 
     </span>
     <span class='ocr_line' id='line_1_5' title="bbox 59 748 1695 823; baseline 0 -18"><span class='ocrx_word' id='word_1_59' title='bbox 59 752 102 809; x_wconf 79' lang='lat' dir='ltr'><strong>aia</strong></span> <span class='ocrx_word' id='word_1_60' title='bbox 122 748 289 807; x_wconf 72' lang='lat' dir='ltr'><strong>monadibus</strong></span> <span class='ocrx_word' id='word_1_61' title='bbox 308 748 375 803; x_wconf 91' lang='lat' dir='ltr'><strong>nihil</strong></span> <span class='ocrx_word' id='word_1_62' title='bbox 397 765 508 823; x_wconf 81' lang='lat' dir='ltr'><strong>prorsus</strong></span> <span class='ocrx_word' id='word_1_63' title='bbox 535 749 705 805; x_wconf 89' lang='lat' dir='ltr'><strong>immutatur.</strong></span> <span class='ocrx_word' id='word_1_64' title='bbox 750 749 858 804; x_wconf 78' lang='lat' dir='ltr'><strong>Verania</strong></span> <span class='ocrx_word' id='word_1_65' title='bbox 902 749 1056 822; x_wconf 76' lang='lat' dir='ltr'><strong>spondeant</strong></span> <span class='ocrx_word' id='word_1_66' title='bbox 1071 754 1130 804; x_wconf 85' lang='lat' dir='ltr'><strong>inm</strong></span> <span class='ocrx_word' id='word_1_67' title='bbox 1145 748 1218 809; x_wconf 75' lang='lat' dir='ltr'><strong>inter</strong></span> <span class='ocrx_word' id='word_1_68' title='bbox 1232 764 1276 820; x_wconf 83' lang='lat' dir='ltr'><strong>so,</strong></span> <span class='ocrx_word' id='word_1_69' title='bbox 1297 752 1355 802; x_wconf 85' lang='lat' dir='ltr'><strong>tum</strong></span> <span class='ocrx_word' id='word_1_70' title='bbox 1375 748 1409 803; x_wconf 90' lang='lat' dir='ltr'><strong>iis</strong></span> <span class='ocrx_word' id='word_1_71' title='bbox 1428 764 1497 820; x_wconf 86' lang='lat' dir='ltr'><strong>quae</strong></span> <span class='ocrx_word' id='word_1_72' title='bbox 1516 754 1647 815; x_wconf 78' lang='lat' dir='ltr'><strong>geruntur</strong></span> <span class='ocrx_word' id='word_1_73' title='bbox 1665 750 1695 805; x_wconf 91' lang='lat' dir='ltr'><strong>iu</strong></span> 
     </span>
     <span class='ocr_line' id='line_1_6' title="bbox 57 834 1696 911; baseline -0.002 -15"><span class='ocrx_word' id='word_1_74' title='bbox 57 838 161 911; x_wconf 79' lang='lat' dir='ltr'><strong>aliquia</strong></span> <span class='ocrx_word' id='word_1_75' title='bbox 181 841 353 910; x_wconf 75' lang='lat' dir='ltr'><strong>potestesse</strong></span> <span class='ocrx_word' id='word_1_76' title='bbox 366 853 432 908; x_wconf 83' lang='lat' dir='ltr'><strong>para</strong></span> <span class='ocrx_word' id='word_1_77' title='bbox 451 836 576 908; x_wconf 77' lang='lat' dir='ltr'><strong>eorporis</strong></span> <span class='ocrx_word' id='word_1_78' title='bbox 590 838 659 907; x_wconf 86' lang='lat' dir='ltr'><strong>mei,</strong></span> <span class='ocrx_word' id='word_1_79' title='bbox 685 842 713 893; x_wconf 88' lang='lat' dir='ltr'><strong>et</strong></span> <span class='ocrx_word' id='word_1_80' title='bbox 727 837 779 892; x_wconf 81' lang='lat' dir='ltr'><strong>sub</strong></span> <span class='ocrx_word' id='word_1_81' title='bbox 795 852 857 891; x_wconf 83' lang='lat' dir='ltr'><strong>urea</strong></span> <span class='ocrx_word' id='word_1_82' title='bbox 902 838 998 909; x_wconf 86' lang='lat' dir='ltr'><strong>quavis</strong></span> <span class='ocrx_word' id='word_1_83' title='bbox 1011 838 1066 893; x_wconf 87' lang='lat' dir='ltr'><strong>alia</strong></span> <span class='ocrx_word' id='word_1_84' title='bbox 1080 836 1190 906; x_wconf 85' lang='lat' dir='ltr'><strong>onima;</strong></span> <span class='ocrx_word' id='word_1_85' title='bbox 1212 851 1262 891; x_wconf 86' lang='lat' dir='ltr'><strong>noo</strong></span> <span class='ocrx_word' id='word_1_86' title='bbox 1275 851 1345 905; x_wconf 82' lang='lat' dir='ltr'><strong>opus</strong></span> <span class='ocrx_word' id='word_1_87' title='bbox 1360 840 1400 890; x_wconf 86' lang='lat' dir='ltr'><strong>est</strong></span> <span class='ocrx_word' id='word_1_88' title='bbox 1414 836 1482 907; x_wconf 91' lang='lat' dir='ltr'><strong>poni</strong></span> <span class='ocrx_word' id='word_1_89' title='bbox 1496 834 1600 906; x_wconf 86' lang='lat' dir='ltr'><strong>aliquid</strong></span> <span class='ocrx_word' id='word_1_90' title='bbox 1614 842 1696 893; x_wconf 79' lang='lat' dir='ltr'><strong>extra</strong></span> 
     </span>
     <span class='ocr_line' id='line_1_7' title="bbox 57 922 1694 997; baseline -0.002 -14"><span class='ocrx_word' id='word_1_91' title='bbox 57 927 154 983; x_wconf 76' lang='lat' dir='ltr'><strong>auium</strong></span> <span class='ocrx_word' id='word_1_92' title='bbox 173 931 305 996; x_wconf 75' lang='lat' dir='ltr'><strong>tunquam</strong></span> <span class='ocrx_word' id='word_1_93' title='bbox 323 925 444 982; x_wconf 82' lang='lat' dir='ltr'><strong>monada</strong></span> <span class='ocrx_word' id='word_1_94' title='bbox 457 926 630 995; x_wconf 81' lang='lat' dir='ltr'><strong>dominante,</strong></span> <span class='ocrx_word' id='word_1_95' title='bbox 650 924 697 994; x_wconf 90' lang='lat' dir='ltr'><strong>qui</strong></span> <span class='ocrx_word' id='word_1_96' title='bbox 713 924 787 979; x_wconf 88' lang='lat' dir='ltr'><strong>idom</strong></span> <span class='ocrx_word' id='word_1_97' title='bbox 800 924 856 979; x_wconf 87' lang='lat' dir='ltr'><strong>alia</strong></span> <span class='ocrx_word' id='word_1_98' title='bbox 900 940 996 979; x_wconf 78' lang='lat' dir='ltr'><strong>omnes</strong></span> <span class='ocrx_word' id='word_1_99' title='bbox 1010 925 1132 995; x_wconf 79' lang='lat' dir='ltr'><strong>animae,</strong></span> <span class='ocrx_word' id='word_1_100' title='bbox 1155 922 1198 978; x_wconf 83' lang='lat' dir='ltr'><strong>vel</strong></span> <span class='ocrx_word' id='word_1_101' title='bbox 1213 923 1359 992; x_wconf 72' lang='lat' dir='ltr'><strong>monades,</strong></span> <span class='ocrx_word' id='word_1_102' title='bbox 1380 928 1409 977; x_wconf 87' lang='lat' dir='ltr'><strong>et</strong></span> <span class='ocrx_word' id='word_1_103' title='bbox 1428 924 1457 977; x_wconf 89' lang='lat' dir='ltr'><strong>in</strong></span> <span class='ocrx_word' id='word_1_104' title='bbox 1478 923 1528 977; x_wconf 86' lang='lat' dir='ltr'><strong>imo</strong></span> <span class='ocrx_word' id='word_1_105' title='bbox 1541 923 1694 997; x_wconf 75' lang='lat' dir='ltr'><strong>hypothesi,</strong></span> 
     </span>
     <span class='ocr_line' id='line_1_8' title="bbox 59 996 1695 1086; baseline -0.003 -15"><span class='ocrx_word' id='word_1_106' title='bbox 59 1014 228 1071; x_wconf 71' lang='lat' dir='ltr'><strong>animalcula</strong></span> <span class='ocrx_word' id='word_1_107' title='bbox 246 1014 277 1069; x_wconf 91' lang='lat' dir='ltr'><strong>iu</strong></span> <span class='ocrx_word' id='word_1_108' title='bbox 290 1026 341 1069; x_wconf 79' lang='lat' dir='ltr'><strong>auo</strong></span> <span class='ocrx_word' id='word_1_109' title='bbox 354 1030 469 1086; x_wconf 80' lang='lat' dir='ltr'><strong>corporo</strong></span> <span class='ocrx_word' id='word_1_110' title='bbox 488 1013 589 1068; x_wconf 82' lang='lat' dir='ltr'><strong>hahere</strong></span> <span class='ocrx_word' id='word_1_111' title='bbox 610 1016 714 1085; x_wconf 75' lang='lat' dir='ltr'><strong>potent,</strong></span> <span class='ocrx_word' id='word_1_112' title='bbox 735 1012 787 1067; x_wconf 87' lang='lat' dir='ltr'><strong>sub</strong></span> <span class='ocrx_word' id='word_1_113' title='bbox 806 996 857 1067; x_wconf 66' lang='lat' dir='ltr'><strong>suo</strong></span> <span class='ocrx_word' id='word_1_114' title='bbox 900 1028 963 1067; x_wconf 84' lang='lat' dir='ltr'><strong>eam</strong></span> <span class='ocrx_word' id='word_1_115' title='bbox 978 1012 1095 1067; x_wconf 84' lang='lat' dir='ltr'><strong>‹lieinius</strong></span> <span class='ocrx_word' id='word_1_116' title='bbox 1110 1012 1292 1067; x_wconf 78' lang='lat' dir='ltr'><strong>Socratem</strong></span> <span class='ocrx_word' id='word_1_117' title='bbox 1309 1010 1419 1082; x_wconf 74' lang='lat' dir='ltr'><strong>solere,</strong></span> <span class='ocrx_word' id='word_1_118' title='bbox 1436 1011 1504 1064; x_wconf 91' lang='lat' dir='ltr'><strong>nihil</strong></span> <span class='ocrx_word' id='word_1_119' title='bbox 1519 1011 1595 1067; x_wconf 85' lang='lat' dir='ltr'><strong>uliud</strong></span> <span class='ocrx_word' id='word_1_120' title='bbox 1610 1012 1695 1080; x_wconf 78' lang='lat' dir='ltr'><strong>signi-</strong></span> 
     </span>
     <span class='ocr_line' id='line_1_9' title="bbox 59 1098 1696 1172; baseline -0.003 -13"><span class='ocrx_word' id='word_1_121' title='bbox 59 1102 181 1159; x_wconf 85' lang='lat' dir='ltr'><strong>monade</strong></span> <span class='ocrx_word' id='word_1_122' title='bbox 193 1101 360 1160; x_wconf 75' lang='lat' dir='ltr'><strong>dominata</strong></span> <span class='ocrx_word' id='word_1_123' title='bbox 405 1100 566 1157; x_wconf 82' lang='lat' dir='ltr'><strong>Donririatio</strong></span> <span class='ocrx_word' id='word_1_124' title='bbox 580 1104 672 1155; x_wconf 79' lang='lat' dir='ltr'><strong>autern</strong></span> <span class='ocrx_word' id='word_1_125' title='bbox 686 1106 714 1155; x_wconf 89' lang='lat' dir='ltr'><strong>et</strong></span> <span class='ocrx_word' id='word_1_126' title='bbox 729 1099 856 1155; x_wconf 82' lang='lat' dir='ltr'><strong>aubordi·</strong></span> <span class='ocrx_word' id='word_1_127' title='bbox 878 1142 881 1153; x_wconf 95' lang='lat'><em>.</em></span> <span class='ocrx_word' id='word_1_128' title='bbox 900 1100 1010 1172; x_wconf 83' lang='lat' dir='ltr'><strong>fleatur,</strong></span> <span class='ocrx_word' id='word_1_129' title='bbox 1026 1114 1096 1171; x_wconf 86' lang='lat' dir='ltr'><strong>qnae</strong></span> <span class='ocrx_word' id='word_1_130' title='bbox 1109 1098 1201 1169; x_wconf 87' lang='lat' dir='ltr'><strong>nohis,</strong></span> <span class='ocrx_word' id='word_1_131' title='bbox 1216 1099 1347 1170; x_wconf 83' lang='lat' dir='ltr'><strong>aliisquo,</strong></span> <span class='ocrx_word' id='word_1_132' title='bbox 1362 1099 1398 1155; x_wconf 87' lang='lat' dir='ltr'><strong>ad</strong></span> <span class='ocrx_word' id='word_1_133' title='bbox 1412 1114 1483 1169; x_wconf 84' lang='lat' dir='ltr'><strong>quos</strong></span> <span class='ocrx_word' id='word_1_134' title='bbox 1497 1100 1617 1170; x_wconf 78' lang='lat' dir='ltr'><strong>pertinet</strong></span> <span class='ocrx_word' id='word_1_135' title='bbox 1629 1100 1696 1157; x_wconf 86' lang='lat' dir='ltr'><strong>lmeo</strong></span> 
     </span>
     <span class='ocr_line' id='line_1_10' title="bbox 60 1176 1696 1262; baseline -0.002 -15"><span class='ocrx_word' id='word_1_136' title='bbox 60 1190 139 1248; x_wconf 85' lang='lat' dir='ltr'><strong>natio</strong></span> <span class='ocrx_word' id='word_1_137' title='bbox 169 1189 319 1247; x_wconf 78' lang='lat' dir='ltr'><strong>monadum</strong></span> <span class='ocrx_word' id='word_1_138' title='bbox 349 1188 378 1244; x_wconf 86' lang='lat' dir='ltr'><strong>in</strong></span> <span class='ocrx_word' id='word_1_139' title='bbox 403 1188 473 1261; x_wconf 83' lang='lat' dir='ltr'><strong>ipaia</strong></span> <span class='ocrx_word' id='word_1_140' title='bbox 497 1186 669 1245; x_wconf 85' lang='lat' dir='ltr'><strong>oomidorata</strong></span> <span class='ocrx_word' id='word_1_141' title='bbox 692 1188 856 1244; x_wconf 77' lang='lat' dir='ltr'><strong>monadibus</strong></span> <span class='ocrx_word' id='word_1_142' title='bbox 877 1176 881 1193; x_wconf 76' lang='lat'>¹</span> <span class='ocrx_word' id='word_1_143' title='bbox 899 1202 1038 1262; x_wconf 76' lang='lat' dir='ltr'><strong>apparare,</strong></span> <span class='ocrx_word' id='word_1_144' title='bbox 1055 1187 1157 1259; x_wconf 81' lang='lat' dir='ltr'><strong>quibus</strong></span> <span class='ocrx_word' id='word_1_145' title='bbox 1170 1185 1352 1259; x_wconf 81' lang='lat' dir='ltr'><strong>Socraten,</strong></span> <span class='ocrx_word' id='word_1_146' title='bbox 1373 1188 1696 1258; x_wconf 80' lang='lat' dir='ltr'><strong>Saesumqueiutelli·</strong></span> 
     </span>
     <span class='ocr_line' id='line_1_11' title="bbox 59 1274 997 1347; baseline -0.006 -10"><span class='ocrx_word' id='word_1_147' title='bbox 59 1274 366 1337; x_wconf 78' lang='lat' dir='ltr'><strong>noneonmituisito</strong></span> <span class='ocrx_word' id='word_1_148' title='bbox 380 1276 510 1345; x_wconf 75' lang='lat' dir='ltr'><strong>gradihus</strong></span> <span class='ocrx_word' id='word_1_149' title='bbox 523 1275 738 1347; x_wconf 82' lang='lat' dir='ltr'><strong>peroeptionum.</strong></span> <span class='ocrx_word' id='word_1_150' title='bbox 899 1274 997 1345; x_wconf 73' lang='lat' dir='ltr'><strong>pimus.</strong></span> 
     </span>
    </p>

    <p class='ocr_par' dir='ltr' id='par_1_3' title="bbox 57 1360 1697 2037">
     <span class='ocr_line' id='line_1_12' title="bbox 94 1360 1695 1436; baseline -0.002 -13"><span class='ocrx_word' id='word_1_151' title='bbox 94 1366 135 1423; x_wconf 85' lang='lat' dir='ltr'><strong>-Si</strong></span> <span class='ocrx_word' id='word_1_152' title='bbox 149 1364 295 1423; x_wconf 72' lang='lat' dir='ltr'><strong>huniam</strong></span> <span class='ocrx_word' id='word_1_153' title='bbox 309 1364 471 1421; x_wconf 83' lang='lat' dir='ltr'><strong>aooidono</strong></span> <span class='ocrx_word' id='word_1_154' title='bbox 485 1364 515 1419; x_wconf 92' lang='lat' dir='ltr'><strong>id</strong></span> <span class='ocrx_word' id='word_1_155' title='bbox 529 1380 596 1433; x_wconf 77' lang='lat' dir='ltr'><strong>eaeo,</strong></span> <span class='ocrx_word' id='word_1_156' title='bbox 612 1362 687 1433; x_wconf 91' lang='lat' dir='ltr'><strong>quod</strong></span> <span class='ocrx_word' id='word_1_157' title='bbox 702 1362 796 1431; x_wconf 74' lang='lat' dir='ltr'><strong>exigat</strong></span> <span class='ocrx_word' id='word_1_158' title='bbox 811 1362 854 1417; x_wconf 90' lang='lat' dir='ltr'><strong>in·</strong></span> <span class='ocrx_word' id='word_1_159' title='bbox 943 1364 1016 1427; x_wconf 84' lang='lat' dir='ltr'><strong>Quia</strong></span> <span class='ocrx_word' id='word_1_160' title='bbox 1038 1361 1160 1433; x_wconf 75' lang='lat' dir='ltr'><strong>judicas,</strong></span> <span class='ocrx_word' id='word_1_161' title='bbox 1187 1360 1513 1419; x_wconf 79' lang='lat' dir='ltr'><strong>Traoaaahotaatiatiouia</strong></span> <span class='ocrx_word' id='word_1_162' title='bbox 1532 1362 1695 1436; x_wconf 76' lang='lat' dir='ltr'><strong>doctrinam,</strong></span> 
     </span>
     <span class='ocr_line' id='line_1_13' title="bbox 60 1449 1697 1525; baseline -0.003 -14"><span class='ocrx_word' id='word_1_163' title='bbox 60 1454 179 1511; x_wconf 77' lang='lat' dir='ltr'><strong>existere</strong></span> <span class='ocrx_word' id='word_1_164' title='bbox 192 1452 371 1525; x_wconf 73' lang='lat' dir='ltr'><strong>substantiae,</strong></span> <span class='ocrx_word' id='word_1_165' title='bbox 387 1468 496 1523; x_wconf 82' lang='lat' dir='ltr'><strong>vereor,</strong></span> <span class='ocrx_word' id='word_1_166' title='bbox 512 1457 543 1508; x_wconf 87' lang='lat' dir='ltr'><strong>ut</strong></span> <span class='ocrx_word' id='word_1_167' title='bbox 558 1450 702 1507; x_wconf 74' lang='lat' dir='ltr'><strong>formalem</strong></span> <span class='ocrx_word' id='word_1_168' title='bbox 718 1451 855 1506; x_wconf 83' lang='lat' dir='ltr'><strong>rationem</strong></span> <span class='ocrx_word' id='word_1_169' title='bbox 877 1466 961 1514; x_wconf 81' lang='lat' dir='ltr'><strong>,euin</strong></span> <span class='ocrx_word' id='word_1_170' title='bbox 986 1450 1131 1521; x_wconf 70' lang='lat' dir='ltr'><strong>hypothesi</strong></span> <span class='ocrx_word' id='word_1_171' title='bbox 1157 1449 1201 1504; x_wconf 87' lang='lat' dir='ltr'><strong>vel</strong></span> <span class='ocrx_word' id='word_1_172' title='bbox 1221 1449 1329 1505; x_wconf 84' lang='lat' dir='ltr'><strong>fictione</strong></span> <span class='ocrx_word' id='word_1_173' title='bbox 1348 1466 1496 1523; x_wconf 74' lang='lat' dir='ltr'><strong>corporum</strong></span> <span class='ocrx_word' id='word_1_174' title='bbox 1516 1451 1551 1506; x_wconf 88' lang='lat' dir='ltr'><strong>ad</strong></span> <span class='ocrx_word' id='word_1_175' title='bbox 1577 1452 1697 1523; x_wconf 83' lang='lat' dir='ltr'><strong>phaeno-</strong></span> 
     </span>
     <span class='ocr_line' id='line_1_14' title="bbox 60 1515 1696 1615; baseline -0.003 -17"><span class='ocrx_word' id='word_1_176' title='bbox 60 1542 123 1613; x_wconf 84' lang='lat' dir='ltr'><strong>ojna</strong></span> <span class='ocrx_word' id='word_1_177' title='bbox 137 1541 400 1615; x_wconf 65' lang='lat' dir='ltr'><strong>annominemus,</strong></span> <span class='ocrx_word' id='word_1_178' title='bbox 416 1538 489 1596; x_wconf 87' lang='lat' dir='ltr'><strong>undo</strong></span> <span class='ocrx_word' id='word_1_179' title='bbox 502 1539 574 1595; x_wconf 83' lang='lat' dir='ltr'><strong>ratio</strong></span> <span class='ocrx_word' id='word_1_180' title='bbox 588 1554 721 1611; x_wconf 83' lang='lat' dir='ltr'><strong>apparare</strong></span> <span class='ocrx_word' id='word_1_181' title='bbox 733 1537 855 1611; x_wconf 73' lang='lat' dir='ltr'><strong>«hbent,</strong></span> <span class='ocrx_word' id='word_1_182' title='bbox 876 1515 880 1595; x_wconf 71' lang='lat' dir='ltr'><strong>l</strong></span> <span class='ocrx_word' id='word_1_183' title='bbox 899 1553 980 1594; x_wconf 85' lang='lat' dir='ltr'><strong>mena</strong></span> <span class='ocrx_word' id='word_1_184' title='bbox 998 1537 1185 1607; x_wconf 78' lang='lat' dir='ltr'><strong>redactorum,</strong></span> <span class='ocrx_word' id='word_1_185' title='bbox 1199 1536 1339 1591; x_wconf 83' lang='lat' dir='ltr'><strong>eorioilimi</strong></span> <span class='ocrx_word' id='word_1_186' title='bbox 1353 1553 1447 1610; x_wconf 83' lang='lat' dir='ltr'><strong>posse,</strong></span> <span class='ocrx_word' id='word_1_187' title='bbox 1467 1554 1537 1609; x_wconf 83' lang='lat' dir='ltr'><strong>rogo</strong></span> <span class='ocrx_word' id='word_1_188' title='bbox 1550 1544 1581 1594; x_wconf 90' lang='lat' dir='ltr'><strong>ut</strong></span> <span class='ocrx_word' id='word_1_189' title='bbox 1595 1539 1646 1593; x_wconf 85' lang='lat' dir='ltr'><strong>hae</strong></span> <span class='ocrx_word' id='word_1_190' title='bbox 1661 1538 1696 1593; x_wconf 87' lang='lat' dir='ltr'><strong>do</strong></span> 
     </span>
     <span class='ocr_line' id='line_1_15' title="bbox 60 1614 1694 1699; baseline -0.004 -12"><span class='ocrx_word' id='word_1_191' title='bbox 60 1646 111 1687; x_wconf 84' lang='lat' dir='ltr'><strong>eur</strong></span> <span class='ocrx_word' id='word_1_192' title='bbox 139 1628 248 1699; x_wconf 78' lang='lat' dir='ltr'><strong>exigat:</strong></span> <span class='ocrx_word' id='word_1_193' title='bbox 279 1644 346 1683; x_wconf 84' lang='lat' dir='ltr'><strong>aauo</strong></span> <span class='ocrx_word' id='word_1_194' title='bbox 370 1627 454 1683; x_wconf 79' lang='lat' dir='ltr'><strong>etiam</strong></span> <span class='ocrx_word' id='word_1_195' title='bbox 480 1626 636 1682; x_wconf 75' lang='lat' dir='ltr'><strong>substantia</strong></span> <span class='ocrx_word' id='word_1_196' title='bbox 661 1642 744 1697; x_wconf 76' lang='lat' dir='ltr'><strong>saepo</strong></span> <span class='ocrx_word' id='word_1_197' title='bbox 767 1625 856 1695; x_wconf 79' lang='lat' dir='ltr'><strong>exigit</strong></span> <span class='ocrx_word' id='word_1_198' title='bbox 876 1614 879 1653; x_wconf 67' lang='lat'>³</span> <span class='ocrx_word' id='word_1_199' title='bbox 899 1642 929 1683; x_wconf 85' lang='lat' dir='ltr'><strong>ra</strong></span> <span class='ocrx_word' id='word_1_200' title='bbox 948 1630 1068 1681; x_wconf 87' lang='lat' dir='ltr'><strong>montem</strong></span> <span class='ocrx_word' id='word_1_201' title='bbox 1096 1629 1174 1680; x_wconf 89' lang='lat' dir='ltr'><strong>tuam</strong></span> <span class='ocrx_word' id='word_1_202' title='bbox 1194 1623 1262 1679; x_wconf 84' lang='lat' dir='ltr'><strong>inihi</strong></span> <span class='ocrx_word' id='word_1_203' title='bbox 1283 1641 1415 1698; x_wconf 79' lang='lat' dir='ltr'><strong>exponas.</strong></span> <span class='ocrx_word' id='word_1_204' title='bbox 1459 1626 1541 1690; x_wconf 85' lang='lat' dir='ltr'><strong>Quod</strong></span> <span class='ocrx_word' id='word_1_205' title='bbox 1561 1630 1694 1698; x_wconf 69' lang='lat' dir='ltr'><strong>oupemt,</strong></span> 
     </span>
     <span class='ocr_line' id='line_1_16' title="bbox 61 1690 1694 1797; baseline -0.003 -24"><span class='ocrx_word' id='word_1_206' title='bbox 61 1717 148 1773; x_wconf 85' lang='lat' dir='ltr'><strong>aliam</strong></span> <span class='ocrx_word' id='word_1_207' title='bbox 171 1718 367 1785; x_wconf 69' lang='lat' dir='ltr'><strong>mbatantiamt</strong></span> <span class='ocrx_word' id='word_1_208' title='bbox 394 1716 587 1787; x_wconf 77' lang='lat' dir='ltr'><strong>explicandum</strong></span> <span class='ocrx_word' id='word_1_209' title='bbox 613 1715 684 1769; x_wconf 83' lang='lat' dir='ltr'><strong>toret</strong></span> <span class='ocrx_word' id='word_1_210' title='bbox 703 1714 769 1785; x_wconf 89' lang='lat' dir='ltr'><strong>quid</strong></span> <span class='ocrx_word' id='word_1_211' title='bbox 791 1729 855 1785; x_wconf 88' lang='lat' dir='ltr'><strong>pro·</strong></span> <span class='ocrx_word' id='word_1_212' title='bbox 899 1714 961 1769; x_wconf 83' lang='lat' dir='ltr'><strong>valo</strong></span> <span class='ocrx_word' id='word_1_213' title='bbox 980 1714 1098 1769; x_wconf 81' lang='lat' dir='ltr'><strong>ottavo.</strong></span> <span class='ocrx_word' id='word_1_214' title='bbox 1143 1713 1254 1770; x_wconf 83' lang='lat' dir='ltr'><strong>Dabam</strong></span> <span class='ocrx_word' id='word_1_215' title='bbox 1272 1690 1420 1797; x_wconf 56' lang='lat' dir='ltr'><strong>Harii-erae</strong></span> <span class='ocrx_word' id='word_1_216' title='bbox 1442 1714 1491 1769; x_wconf 84' lang='lat'><strong>16.</strong></span> <span class='ocrx_word' id='word_1_217' title='bbox 1505 1712 1583 1770; x_wconf 78' lang='lat' dir='ltr'><strong>lanii</strong></span> <span class='ocrx_word' id='word_1_218' title='bbox 1600 1712 1694 1769; x_wconf 75' lang='lat'>1712.</span> 
     </span>
     <span class='ocr_line' id='line_1_17' title="bbox 59 1788 1403 1877; baseline -0.007 -17"><span class='ocrx_word' id='word_1_219' title='bbox 59 1804 124 1877; x_wconf 82' lang='lat' dir='ltr'><strong>prio</strong></span> <span class='ocrx_word' id='word_1_220' title='bbox 147 1805 184 1860; x_wconf 82' lang='lat' dir='ltr'><strong>ait</strong></span> <span class='ocrx_word' id='word_1_221' title='bbox 207 1803 276 1860; x_wconf 85' lang='lat' dir='ltr'><strong>illud</strong></span> <span class='ocrx_word' id='word_1_222' title='bbox 300 1789 337 1857; x_wconf 68' lang='lat' dir='ltr'><strong>ao*</strong></span> <span class='ocrx_word' id='word_1_223' title='bbox 356 1803 447 1859; x_wconf 76' lang='lat' dir='ltr'><strong>inesse</strong></span> <span class='ocrx_word' id='word_1_224' title='bbox 465 1804 494 1859; x_wconf 92' lang='lat' dir='ltr'><strong>in</strong></span> <span class='ocrx_word' id='word_1_225' title='bbox 515 1818 571 1874; x_wconf 92' lang='lat' dir='ltr'><strong>qno</strong></span> <span class='ocrx_word' id='word_1_226' title='bbox 589 1801 737 1857; x_wconf 84' lang='lat' dir='ltr'><strong>aoeidentis</strong></span> <span class='ocrx_word' id='word_1_227' title='bbox 755 1808 856 1856; x_wconf 85' lang='lat' dir='ltr'><strong>natura</strong></span> <span class='ocrx_word' id='word_1_228' title='bbox 1336 1788 1403 1799; x_wconf 82' lang='lat'><em>.....</em></span> 
     </span>
     <span class='ocr_line' id='line_1_18' title="bbox 59 1888 855 1963; baseline -0.006 -15"><span class='ocrx_word' id='word_1_229' title='bbox 59 1892 191 1949; x_wconf 85' lang='lat' dir='ltr'><strong>oollooari</strong></span> <span class='ocrx_word' id='word_1_230' title='bbox 209 1892 294 1947; x_wconf 72' lang='lat' dir='ltr'><strong>uolet:</strong></span> <span class='ocrx_word' id='word_1_231' title='bbox 316 1906 367 1963; x_wconf 75' lang='lat' dir='ltr'><strong>ego</strong></span> <span class='ocrx_word' id='word_1_232' title='bbox 380 1890 415 1948; x_wconf 84' lang='lat' dir='ltr'><strong>ad</strong></span> <span class='ocrx_word' id='word_1_233' title='bbox 430 1891 482 1947; x_wconf 83' lang='lat' dir='ltr'><strong>hoo</strong></span> <span class='ocrx_word' id='word_1_234' title='bbox 495 1890 650 1963; x_wconf 83' lang='lat' dir='ltr'><strong>retulerim,</strong></span> <span class='ocrx_word' id='word_1_235' title='bbox 667 1895 698 1944; x_wconf 91' lang='lat' dir='ltr'><strong>ut</strong></span> <span class='ocrx_word' id='word_1_236' title='bbox 713 1890 750 1944; x_wconf 85' lang='lat' dir='ltr'><strong>sit</strong></span> <span class='ocrx_word' id='word_1_237' title='bbox 764 1888 855 1945; x_wconf 89' lang='lat' dir='ltr'><strong>modi·</strong></span> 
     </span>
     <span class='ocr_line' id='line_1_19' title="bbox 57 1973 1669 2037; baseline -0.003 -1"><span class='ocrx_word' id='word_1_238' title='bbox 57 1978 284 2037; x_wconf 80' lang='lat' dir='ltr'><strong>fitadoabaoluti</strong></span> <span class='ocrx_word' id='word_1_239' title='bbox 297 1978 389 2036; x_wconf 79' lang='lat' dir='ltr'><strong>aliani.</strong></span> <span class='ocrx_word' id='word_1_240' title='bbox 1269 1975 1306 2031; x_wconf 81' lang='lat' dir='ltr'><strong>G.</strong></span> <span class='ocrx_word' id='word_1_241' title='bbox 1338 1976 1373 2031; x_wconf 86' lang='lat' dir='ltr'><strong>G.</strong></span> <span class='ocrx_word' id='word_1_242' title='bbox 1407 1973 1669 2033; x_wconf 79' lang='lat' dir='ltr'><strong>Lebinitiua.</strong></span> 
     </span>
    </p>
   </div>
   <div class='ocr_carea' id='block_1_3' title="bbox 1342 1852 1537 1911">
    <p class='ocr_par' dir='ltr' id='par_1_4' title="bbox 1342 1852 1537 1911">
     <span class='ocr_line' id='line_1_20' title="bbox 1342 1852 1537 1911; baseline 0 -2"><span class='ocrx_word' id='word_1_243' title='bbox 1342 1852 1537 1911; x_wconf 80' lang='lat' dir='ltr'><strong>Detlitissimua</strong></span> 
     </span>
    </p>
   </div>
   <div class='ocr_carea' id='block_1_4' title="bbox 662 2188 1085 2201">
    <p class='ocr_par' dir='ltr' id='par_1_5' title="bbox 662 2188 1085 2201">
     <span class='ocr_line' id='line_1_21' title="bbox 662 2188 1085 2201; baseline -0.009 -1"><span class='ocrx_word' id='word_1_244' title='bbox 662 2190 703 2199; x_wconf 80' lang='lat'><strong>—--</strong></span> <span class='ocrx_word' id='word_1_245' title='bbox 713 2188 839 2201; x_wconf 46' lang='grc' dir='ltr'>..α-*-</span> <span class='ocrx_word' id='word_1_246' title='bbox 847 2190 865 2198; x_wconf 76' lang='lat'><strong>.-</strong></span> <span class='ocrx_word' id='word_1_247' title='bbox 876 2188 943 2197; x_wconf 83' lang='lat'>——·--</span> <span class='ocrx_word' id='word_1_248' title='bbox 952 2188 1085 2197; x_wconf 64' lang='lat' dir='ltr'><strong>--u—-n—</strong></span> 
     </span>
    </p>
   </div>
   <div class='ocr_carea' id='block_1_5' title="bbox 397 2398 1259 2758">
    <p class='ocr_par' dir='ltr' id='par_1_6' title="bbox 397 2398 1259 2758">
     <span class='ocr_line' id='line_1_22' title="bbox 698 2398 952 2491; baseline 0.016 -4"><span class='ocrx_word' id='word_1_249' title='bbox 698 2398 952 2491; x_wconf 78' lang='lat' dir='ltr'><strong>Lxxxm.</strong></span> 
     </span>
     <span class='ocr_line' id='line_1_23' title="bbox 397 2609 1259 2758; baseline -0.002 -29"><span class='ocrx_word' id='word_1_250' title='bbox 397 2609 1259 2758; x_wconf 84' lang='lat' dir='ltr'><strong>&#39;REMARQUE</strong></span> 
     </span>
    </p>
   </div>
   <div class='ocr_carea' id='block_1_6' title="bbox 807 2854 951 2912">
    <p class='ocr_par' dir='ltr' id='par_1_7' title="bbox 807 2854 951 2912">
     <span class='ocr_line' id='line_1_24' title="bbox 807 2854 951 2912; baseline 0.007 -1"><span class='ocrx_word' id='word_1_251' title='bbox 807 2854 880 2912; x_wconf 83' lang='lat' dir='ltr'><strong>SUR</strong></span> <span class='ocrx_word' id='word_1_252' title='bbox 900 2854 951 2912; x_wconf 75' lang='lat' dir='ltr'><strong>La</strong></span> 
     </span>
    </p>
   </div>
   <div class='ocr_carea' id='block_1_7' title="bbox 152 2988 1610 3207">
    <p class='ocr_par' dir='ltr' id='par_1_8' title="bbox 152 2988 1610 3207">
     <span class='ocr_line' id='line_1_25' title="bbox 152 2988 1610 3207; baseline -0.001 -108"><span class='ocrx_word' id='word_1_253' title='bbox 152 2988 493 3101; x_wconf 73' lang='lat' dir='ltr'><strong>smihein</strong></span> <span class='ocrx_word' id='word_1_254' title='bbox 531 3007 865 3099; x_wconf 72' lang='lat' dir='ltr'><strong>ananan</strong></span> <span class='ocrx_word' id='word_1_255' title='bbox 912 3006 1610 3207; x_wconf 61' lang='lat' dir='ltr'><strong>numosoeniouu</strong></span> 
     </span>
    </p>
   </div>
   <div class='ocr_carea' id='block_1_8' title="bbox 600 3188 1159 3309">
    <p class='ocr_par' dir='ltr' id='par_1_9' title="bbox 600 3188 1159 3309">
     <span class='ocr_line' id='line_1_26' title="bbox 600 3188 1159 3309; baseline 0.009 -41"><span class='ocrx_word' id='word_1_256' title='bbox 600 3188 785 3271; x_wconf 71' lang='lat' dir='ltr'><strong>iurantia</strong></span> <span class='ocrx_word' id='word_1_257' title='bbox 808 3214 835 3270; x_wconf 80' lang='lat' dir='ltr'><strong>a</strong></span> <span class='ocrx_word' id='word_1_258' title='bbox 855 3188 1039 3273; x_wconf 75' lang='lat' dir='ltr'><strong>anhvoux</strong></span> <span class='ocrx_word' id='word_1_259' title='bbox 1057 3206 1159 3309; x_wconf 63' lang='lat' dir='ltr'><strong>poa.</strong></span> 
     </span>
    </p>
   </div>
   <div class='ocr_carea' id='block_1_9' title="bbox 774 3508 999 3599">
    <p class='ocr_par' dir='ltr' id='par_1_10' title="bbox 774 3508 999 3599">
     <span class='ocr_line' id='line_1_27' title="bbox 774 3508 999 3599; baseline 0.018 -4"><span class='ocrx_word' id='word_1_260' title='bbox 774 3508 999 3599; x_wconf 79' lang='lat'><strong>1712.</strong></span> 
     </span>
    </p>
   </div>
   <div class='ocr_carea' id='block_1_10' title="bbox 230 3840 1531 3906">
    <p class='ocr_par' dir='ltr' id='par_1_11' title="bbox 230 3840 1531 3906">
     <span class='ocr_line' id='line_1_28' title="bbox 230 3840 1531 3906; baseline -0.007 -7"><span class='ocrx_word' id='word_1_261' title='bbox 230 3846 382 3906; x_wconf 66' lang='lat' dir='ltr'><strong>(aetenae</strong></span> <span class='ocrx_word' id='word_1_262' title='bbox 400 3846 431 3893; x_wconf 83' lang='lat' dir='ltr'><strong>do</strong></span> <span class='ocrx_word' id='word_1_263' title='bbox 447 3844 569 3895; x_wconf 68' lang='lat' dir='ltr'><strong>Trtvoux</strong></span> <span class='ocrx_word' id='word_1_264' title='bbox 587 3848 634 3891; x_wconf 83' lang='lat' dir='ltr'><strong>ete.</strong></span> <span class='ocrx_word' id='word_1_265' title='bbox 669 3842 731 3890; x_wconf 78' lang='lat' dir='ltr'><strong>luit.</strong></span> <span class='ocrx_word' id='word_1_266' title='bbox 751 3844 829 3892; x_wconf 80' lang='lat' dir='ltr'><strong>tm.</strong></span> <span class='ocrx_word' id='word_1_267' title='bbox 848 3864 882 3875; x_wconf 99' lang='lat'>-</span> <span class='ocrx_word' id='word_1_268' title='bbox 917 3842 1006 3890; x_wconf 74' lang='lat' dir='ltr'><strong>Leito.</strong></span> <span class='ocrx_word' id='word_1_269' title='bbox 1023 3842 1088 3899; x_wconf 80' lang='lat' dir='ltr'><strong>opp.</strong></span> <span class='ocrx_word' id='word_1_270' title='bbox 1105 3842 1144 3889; x_wconf 81' lang='lat' dir='ltr'><strong>od.</strong></span> <span class='ocrx_word' id='word_1_271' title='bbox 1163 3842 1262 3889; x_wconf 78' lang='lat' dir='ltr'><strong>natea·</strong></span> <span class='ocrx_word' id='word_1_272' title='bbox 1280 3842 1349 3890; x_wconf 75' lang='lat' dir='ltr'><strong>aaa.</strong></span> <span class='ocrx_word' id='word_1_273' title='bbox 1367 3846 1387 3892; x_wconf 84' lang='lat'><strong>1.</strong></span> <span class='ocrx_word' id='word_1_274' title='bbox 1407 3855 1432 3899; x_wconf 79' lang='lat' dir='ltr'><strong>p·</strong></span> <span class='ocrx_word' id='word_1_275' title='bbox 1451 3840 1531 3897; x_wconf 73' lang='lat' dir='ltr'><strong>tul.)</strong></span> 
     </span>
    </p>
   </div>
   <div class='ocr_carea' id='block_1_11' title="bbox 774 4002 986 4017">
    <p class='ocr_par' dir='ltr' id='par_1_12' title="bbox 774 4002 986 4017">
     <span class='ocr_line' id='line_1_29' title="bbox 774 4002 986 4017; baseline -0.005 -1"><span class='ocrx_word' id='word_1_276' title='bbox 774 4002 986 4017; x_wconf 68' lang='grc' dir='ltr'><strong>-σ---ο--α-ο</strong></span> 
     </span>
    </p>
   </div>
   <div class='ocr_carea' id='block_1_12' title="bbox 45 4155 1704 5209">
    <p class='ocr_par' dir='ltr' id='par_1_13' title="bbox 45 4155 1704 5209">
     <span class='ocr_line' id='line_1_30' title="bbox 108 4155 1702 4234; baseline -0.004 -11"><span class='ocrx_word' id='word_1_277' title='bbox 108 4164 165 4223; x_wconf 77' lang='lat' dir='ltr'><strong>J&#39;ai</strong></span> <span class='ocrx_word' id='word_1_278' title='bbox 189 4162 233 4221; x_wconf 83' lang='lat' dir='ltr'><strong>(lit</strong></span> <span class='ocrx_word' id='word_1_279' title='bbox 249 4161 321 4221; x_wconf 82' lang='lat' dir='ltr'><strong>dana</strong></span> <span class='ocrx_word' id='word_1_280' title='bbox 343 4176 404 4219; x_wconf 74' lang='lat' dir='ltr'><strong>moa</strong></span> <span class='ocrx_word' id='word_1_281' title='bbox 422 4160 524 4234; x_wconf 80' lang='lat' dir='ltr'><strong>esaais,</strong></span> <span class='ocrx_word' id='word_1_282' title='bbox 548 4158 644 4217; x_wconf 85' lang='lat' dir='ltr'><strong>artiolo</strong></span> <span class='ocrx_word' id='word_1_283' title='bbox 660 4158 741 4234; x_wconf 80' lang='lat'><strong>392,</strong></span> <span class='ocrx_word' id='word_1_284' title='bbox 765 4157 862 4232; x_wconf 78' lang='lat' dir='ltr'><strong>quoio</strong></span> <span class='ocrx_word' id='word_1_285' title='bbox 906 4157 977 4215; x_wconf 81' lang='lat' dir='ltr'><strong>maia</strong></span> <span class='ocrx_word' id='word_1_286' title='bbox 989 4172 1044 4230; x_wconf 82' lang='lat' dir='ltr'><strong>quo</strong></span> <span class='ocrx_word' id='word_1_287' title='bbox 1057 4158 1168 4233; x_wconf 81' lang='lat' dir='ltr'><strong>lorsque</strong></span> <span class='ocrx_word' id='word_1_288' title='bbox 1182 4159 1240 4215; x_wconf 88' lang='lat' dir='ltr'><strong>l&#39;on</strong></span> <span class='ocrx_word' id='word_1_289' title='bbox 1252 4155 1404 4231; x_wconf 85' lang='lat' dir='ltr'><strong>eomprend</strong></span> <span class='ocrx_word' id='word_1_290' title='bbox 1418 4158 1458 4215; x_wconf 79' lang='lat' dir='ltr'><strong>les</strong></span> <span class='ocrx_word' id='word_1_291' title='bbox 1470 4156 1650 4231; x_wconf 78' lang='lat' dir='ltr'><strong>limitationo,</strong></span> <span class='ocrx_word' id='word_1_292' title='bbox 1664 4174 1702 4217; x_wconf 89' lang='lat' dir='ltr'><strong>ou</strong></span> 
     </span>
     <span class='ocr_line' id='line_1_31' title="bbox 64 4244 1703 4321; baseline -0.005 -8"><span class='ocrx_word' id='word_1_293' title='bbox 64 4252 182 4313; x_wconf 63' lang='lat' dir='ltr'><strong>dalion</strong></span> <span class='ocrx_word' id='word_1_294' title='bbox 210 4252 246 4309; x_wconf 80' lang='lat' dir='ltr'><strong>do</strong></span> <span class='ocrx_word' id='word_1_295' title='bbox 275 4251 337 4310; x_wconf 88' lang='lat' dir='ltr'><strong>voir</strong></span> <span class='ocrx_word' id='word_1_296' title='bbox 371 4250 412 4307; x_wconf 83' lang='lat' dir='ltr'><strong>teo</strong></span> <span class='ocrx_word' id='word_1_297' title='bbox 441 4248 673 4307; x_wconf 75' lang='lat' dir='ltr'><strong>danonaradoaa</strong></span> <span class='ocrx_word' id='word_1_298' title='bbox 699 4244 784 4303; x_wconf 69' lang='lat' dir='ltr'><strong>citios</strong></span> <span class='ocrx_word' id='word_1_299' title='bbox 812 4262 863 4319; x_wconf 85' lang='lat' dir='ltr'><strong>par</strong></span> <span class='ocrx_word' id='word_1_300' title='bbox 907 4249 946 4306; x_wconf 79' lang='lat' dir='ltr'><strong>les</strong></span> <span class='ocrx_word' id='word_1_301' title='bbox 961 4246 1130 4321; x_wconf 75' lang='lat' dir='ltr'><strong>privatione,</strong></span> <span class='ocrx_word' id='word_1_302' title='bbox 1152 4264 1217 4305; x_wconf 76' lang='lat' dir='ltr'><strong>sous</strong></span> <span class='ocrx_word' id='word_1_303' title='bbox 1236 4248 1263 4303; x_wconf 86' lang='lat' dir='ltr'><strong>lo</strong></span> <span class='ocrx_word' id='word_1_304' title='bbox 1283 4263 1350 4303; x_wconf 91' lang='lat' dir='ltr'><strong>nom</strong></span> <span class='ocrx_word' id='word_1_305' title='bbox 1365 4246 1400 4302; x_wconf 85' lang='lat' dir='ltr'><strong>do</strong></span> <span class='ocrx_word' id='word_1_306' title='bbox 1414 4244 1539 4319; x_wconf 78' lang='lat' dir='ltr'><strong>relalihia,</strong></span> <span class='ocrx_word' id='word_1_307' title='bbox 1565 4248 1622 4304; x_wconf 81' lang='lat' dir='ltr'><strong>l&#39;on</strong></span> <span class='ocrx_word' id='word_1_308' title='bbox 1636 4252 1703 4321; x_wconf 82' lang='lat' dir='ltr'><strong>peut</strong></span> 
     </span>
     <span class='ocr_line' id='line_1_32' title="bbox 45 4332 1702 4413; baseline -0.002 -14"><span class='ocrx_word' id='word_1_309' title='bbox 45 4340 123 4399; x_wconf 77' lang='lat' dir='ltr'><strong>&#39;Mn</strong></span> <span class='ocrx_word' id='word_1_310' title='bbox 143 4341 263 4413; x_wconf 84' lang='lat' dir='ltr'><strong>Baylo,</strong></span> <span class='ocrx_word' id='word_1_311' title='bbox 288 4344 318 4397; x_wconf 85' lang='lat' dir='ltr'><strong>et</strong></span> <span class='ocrx_word' id='word_1_312' title='bbox 341 4342 491 4395; x_wconf 82' lang='lat' dir='ltr'><strong>eoritenuea</strong></span> <span class='ocrx_word' id='word_1_313' title='bbox 516 4336 584 4395; x_wconf 82' lang='lat' dir='ltr'><strong>dane</strong></span> <span class='ocrx_word' id='word_1_314' title='bbox 609 4338 638 4393; x_wconf 85' lang='lat' dir='ltr'><strong>la</strong></span> <span class='ocrx_word' id='word_1_315' title='bbox 662 4332 817 4409; x_wconf 78' lang='lat' dir='ltr'><strong>oinquitme</strong></span> <span class='ocrx_word' id='word_1_316' title='bbox 835 4339 865 4392; x_wconf 86' lang='lat' dir='ltr'><strong>et</strong></span> <span class='ocrx_word' id='word_1_317' title='bbox 906 4336 966 4393; x_wconf 83' lang='lat' dir='ltr'><strong>dire</strong></span> <span class='ocrx_word' id='word_1_318' title='bbox 984 4351 1038 4408; x_wconf 84' lang='lat' dir='ltr'><strong>quo</strong></span> <span class='ocrx_word' id='word_1_319' title='bbox 1056 4337 1097 4393; x_wconf 77' lang='lat' dir='ltr'><strong>lea</strong></span> <span class='ocrx_word' id='word_1_320' title='bbox 1115 4352 1210 4393; x_wconf 81' lang='lat' dir='ltr'><strong>eauoeo</strong></span> <span class='ocrx_word' id='word_1_321' title='bbox 1226 4336 1358 4393; x_wconf 77' lang='lat' dir='ltr'><strong>recondes</strong></span> <span class='ocrx_word' id='word_1_322' title='bbox 1377 4340 1545 4393; x_wconf 84' lang='lat' dir='ltr'><strong>eonoourent</strong></span> <span class='ocrx_word' id='word_1_323' title='bbox 1565 4333 1625 4392; x_wconf 77' lang='lat' dir='ltr'><strong>ila</strong></span> <span class='ocrx_word' id='word_1_324' title='bbox 1638 4352 1702 4411; x_wconf 89' lang='lat' dir='ltr'><strong>pro·</strong></span> 
     </span>
     <span class='ocr_line' id='line_1_33' title="bbox 63 4422 1703 4499; baseline -0.003 -12"><span class='ocrx_word' id='word_1_325' title='bbox 63 4426 185 4487; x_wconf 73' lang='lat' dir='ltr'><strong>oixilmo</strong></span> <span class='ocrx_word' id='word_1_326' title='bbox 198 4429 306 4487; x_wconf 74' lang='lat' dir='ltr'><strong>taetrae</strong></span> <span class='ocrx_word' id='word_1_327' title='bbox 324 4424 485 4499; x_wconf 79' lang='lat' dir='ltr'><strong>imprime&#39;aea</strong></span> <span class='ocrx_word' id='word_1_328' title='bbox 504 4425 665 4482; x_wconf 68' lang='lat' dir='ltr'><strong>aliovoux</strong></span> <span class='ocrx_word' id='word_1_329' title='bbox 688 4424 780 4481; x_wconf 78' lang='lat'><strong>17⁰3.</strong></span> <span class='ocrx_word' id='word_1_330' title='bbox 825 4423 864 4479; x_wconf 73' lang='lat' dir='ltr'><strong>la</strong></span> <span class='ocrx_word' id='word_1_331' title='bbox 907 4424 1020 4483; x_wconf 76' lang='lat' dir='ltr'><strong>duction</strong></span> <span class='ocrx_word' id='word_1_332' title='bbox 1034 4425 1069 4481; x_wconf 87' lang='lat' dir='ltr'><strong>do</strong></span> <span class='ocrx_word' id='word_1_333' title='bbox 1082 4441 1114 4481; x_wconf 87' lang='lat' dir='ltr'><strong>oo</strong></span> <span class='ocrx_word' id='word_1_334' title='bbox 1127 4424 1175 4498; x_wconf 88' lang='lat' dir='ltr'><strong>qui</strong></span> <span class='ocrx_word' id='word_1_335' title='bbox 1189 4430 1233 4481; x_wconf 79' lang='lat' dir='ltr'><strong>eat</strong></span> <span class='ocrx_word' id='word_1_336' title='bbox 1246 4422 1350 4494; x_wconf 64' lang='lat' dir='ltr'><strong>limiti,</strong></span> <span class='ocrx_word' id='word_1_337' title='bbox 1369 4429 1398 4479; x_wconf 86' lang='lat' dir='ltr'><strong>et</strong></span> <span class='ocrx_word' id='word_1_338' title='bbox 1416 4424 1618 4496; x_wconf 77' lang='lat' dir='ltr'><strong>qu&#39;autromeat</strong></span> <span class='ocrx_word' id='word_1_339' title='bbox 1631 4424 1703 4483; x_wconf 86' lang='lat' dir='ltr'><strong>Diou</strong></span> 
     </span>
     <span class='ocr_line' id='line_1_34' title="bbox 64 4488 1702 4587; baseline -0.005 -12"><span class='ocrx_word' id='word_1_340' title='bbox 64 4518 103 4575; x_wconf 83' lang='lat' dir='ltr'><strong>R.</strong></span> <span class='ocrx_word' id='word_1_341' title='bbox 118 4518 149 4573; x_wconf 87' lang='lat' dir='ltr'><strong>P.</strong></span> <span class='ocrx_word' id='word_1_342' title='bbox 169 4515 364 4573; x_wconf 80' lang='lat' dir='ltr'><strong>Deabooaoa</strong></span> <span class='ocrx_word' id='word_1_343' title='bbox 389 4515 446 4571; x_wconf 81' lang='lat' dir='ltr'><strong>m‘a</strong></span> <span class='ocrx_word' id='word_1_344' title='bbox 463 4511 659 4586; x_wconf 70' lang='lat' dir='ltr'><strong>communique</strong></span> <span class='ocrx_word' id='word_1_345' title='bbox 673 4516 743 4569; x_wconf 86' lang='lat' dir='ltr'><strong>oetto</strong></span> <span class='ocrx_word' id='word_1_346' title='bbox 760 4511 862 4583; x_wconf 64' lang='lat' dir='ltr'><strong>lettre,</strong></span> <span class='ocrx_word' id='word_1_347' title='bbox 884 4488 888 4575; x_wconf 71' lang='lat' dir='ltr'><strong>l</strong></span> <span class='ocrx_word' id='word_1_348' title='bbox 906 4514 991 4570; x_wconf 80' lang='lat' dir='ltr'><strong>oeroit</strong></span> <span class='ocrx_word' id='word_1_349' title='bbox 1005 4513 1034 4569; x_wconf 86' lang='lat' dir='ltr'><strong>la</strong></span> <span class='ocrx_word' id='word_1_350' title='bbox 1048 4528 1130 4569; x_wconf 80' lang='lat' dir='ltr'><strong>eausa</strong></span> <span class='ocrx_word' id='word_1_351' title='bbox 1144 4513 1182 4570; x_wconf 90' lang='lat' dir='ltr'><strong>du</strong></span> <span class='ocrx_word' id='word_1_352' title='bbox 1196 4510 1293 4586; x_wconf 69' lang='lat' dir='ltr'><strong>pitito,</strong></span> <span class='ocrx_word' id='word_1_353' title='bbox 1308 4518 1337 4569; x_wconf 83' lang='lat' dir='ltr'><strong>et</strong></span> <span class='ocrx_word' id='word_1_354' title='bbox 1351 4512 1443 4569; x_wconf 76' lang='lat' dir='ltr'><strong>mdmo</strong></span> <span class='ocrx_word' id='word_1_355' title='bbox 1457 4514 1485 4569; x_wconf 85' lang='lat' dir='ltr'><strong>la</strong></span> <span class='ocrx_word' id='word_1_356' title='bbox 1497 4528 1579 4571; x_wconf 75' lang='lat' dir='ltr'><strong>muno</strong></span> <span class='ocrx_word' id='word_1_357' title='bbox 1592 4514 1702 4587; x_wconf 80' lang='lat' dir='ltr'><strong>unique.</strong></span> 
     </span>
     <span class='ocr_line' id='line_1_35' title="bbox 64 4595 1702 4677; baseline -0.004 -14"><span class='ocrx_word' id='word_1_358' title='bbox 64 4595 107 4663; x_wconf 78' lang='lat' dir='ltr'><strong>oia</strong></span> <span class='ocrx_word' id='word_1_359' title='bbox 131 4603 191 4659; x_wconf 82' lang='lat' dir='ltr'><strong>l&#39;on</strong></span> <span class='ocrx_word' id='word_1_360' title='bbox 214 4601 379 4677; x_wconf 79' lang='lat' dir='ltr'><strong>entrepread</strong></span> <span class='ocrx_word' id='word_1_361' title='bbox 398 4602 434 4659; x_wconf 85' lang='lat' dir='ltr'><strong>do</strong></span> <span class='ocrx_word' id='word_1_362' title='bbox 453 4600 613 4659; x_wconf 76' lang='lat' dir='ltr'><strong>dianontrer</strong></span> <span class='ocrx_word' id='word_1_363' title='bbox 627 4617 679 4673; x_wconf 83' lang='lat' dir='ltr'><strong>par</strong></span> <span class='ocrx_word' id='word_1_364' title='bbox 692 4600 722 4657; x_wconf 83' lang='lat' dir='ltr'><strong>la</strong></span> <span class='ocrx_word' id='word_1_365' title='bbox 736 4598 864 4661; x_wconf 74' lang='lat' dir='ltr'><strong>methodo</strong></span> <span class='ocrx_word' id='word_1_366' title='bbox 908 4602 944 4657; x_wconf 86' lang='lat' dir='ltr'><strong>Et</strong></span> <span class='ocrx_word' id='word_1_367' title='bbox 955 4600 1005 4670; x_wconf 84' lang='lat' dir='ltr'><strong>j&#39;ai</strong></span> <span class='ocrx_word' id='word_1_368' title='bbox 1019 4602 1136 4674; x_wconf 81' lang='lat' dir='ltr'><strong>quelque</strong></span> <span class='ocrx_word' id='word_1_369' title='bbox 1150 4601 1286 4675; x_wconf 73' lang='lat' dir='ltr'><strong>periurant</strong></span> <span class='ocrx_word' id='word_1_370' title='bbox 1300 4598 1318 4657; x_wconf 73' lang='lat' dir='ltr'><strong>a</strong></span> <span class='ocrx_word' id='word_1_371' title='bbox 1331 4602 1435 4676; x_wconf 85' lang='lat' dir='ltr'><strong>oroiro,</strong></span> <span class='ocrx_word' id='word_1_372' title='bbox 1454 4617 1508 4675; x_wconf 87' lang='lat' dir='ltr'><strong>qua</strong></span> <span class='ocrx_word' id='word_1_373' title='bbox 1522 4602 1632 4659; x_wconf 75' lang='lat' dir='ltr'><strong>l&#39;hahito</strong></span> <span class='ocrx_word' id='word_1_374' title='bbox 1645 4603 1702 4657; x_wconf 81' lang='lat' dir='ltr'><strong>du·</strong></span> 
     </span>
     <span class='ocr_line' id='line_1_36' title="bbox 64 4686 1702 4765; baseline -0.005 -14"><span class='ocrx_word' id='word_1_375' title='bbox 64 4694 117 4751; x_wconf 73' lang='lat' dir='ltr'><strong>dos</strong></span> <span class='ocrx_word' id='word_1_376' title='bbox 135 4686 312 4763; x_wconf 75' lang='lat' dir='ltr'><strong>Ge&#39;aomltaoo,</strong></span> <span class='ocrx_word' id='word_1_377' title='bbox 331 4706 387 4765; x_wconf 82' lang='lat' dir='ltr'><strong>quo</strong></span> <span class='ocrx_word' id='word_1_378' title='bbox 399 4690 471 4747; x_wconf 88' lang='lat' dir='ltr'><strong>Dieu</strong></span> <span class='ocrx_word' id='word_1_379' title='bbox 490 4694 533 4746; x_wconf 80' lang='lat' dir='ltr'><strong>aot</strong></span> <span class='ocrx_word' id='word_1_380' title='bbox 552 4688 673 4760; x_wconf 83' lang='lat' dir='ltr'><strong>l&#39;unique</strong></span> <span class='ocrx_word' id='word_1_381' title='bbox 692 4688 770 4745; x_wconf 81' lang='lat' dir='ltr'><strong>vrato</strong></span> <span class='ocrx_word' id='word_1_382' title='bbox 783 4703 864 4745; x_wconf 86' lang='lat' dir='ltr'><strong>oauoo</strong></span> <span class='ocrx_word' id='word_1_383' title='bbox 907 4693 970 4744; x_wconf 83' lang='lat' dir='ltr'><strong>tour</strong></span> <span class='ocrx_word' id='word_1_384' title='bbox 995 4689 1031 4744; x_wconf 89' lang='lat' dir='ltr'><strong>do</strong></span> <span class='ocrx_word' id='word_1_385' title='bbox 1056 4690 1084 4747; x_wconf 83' lang='lat' dir='ltr'><strong>la</strong></span> <span class='ocrx_word' id='word_1_386' title='bbox 1097 4690 1189 4747; x_wconf 71' lang='lat' dir='ltr'><strong>lettre</strong></span> <span class='ocrx_word' id='word_1_387' title='bbox 1213 4690 1286 4745; x_wconf 81' lang='lat' dir='ltr'><strong>n&#39;eot</strong></span> <span class='ocrx_word' id='word_1_388' title='bbox 1304 4704 1354 4762; x_wconf 80' lang='lat' dir='ltr'><strong>poa</strong></span> <span class='ocrx_word' id='word_1_389' title='bbox 1379 4691 1435 4747; x_wconf 84' lang='lat' dir='ltr'><strong>tort</strong></span> <span class='ocrx_word' id='word_1_390' title='bbox 1452 4689 1562 4761; x_wconf 73' lang='lat' dir='ltr'><strong>etoleno</strong></span> <span class='ocrx_word' id='word_1_391' title='bbox 1579 4689 1615 4745; x_wconf 83' lang='lat' dir='ltr'><strong>de</strong></span> <span class='ocrx_word' id='word_1_392' title='bbox 1634 4703 1702 4743; x_wconf 89' lang='lat' dir='ltr'><strong>mon</strong></span> 
     </span>
     <span class='ocr_line' id='line_1_37' title="bbox 64 4774 1704 4851; baseline -0.004 -14"><span class='ocrx_word' id='word_1_393' title='bbox 64 4782 103 4839; x_wconf 90' lang='lat' dir='ltr'><strong>do</strong></span> <span class='ocrx_word' id='word_1_394' title='bbox 113 4784 176 4837; x_wconf 87' lang='lat' dir='ltr'><strong>tout</strong></span> <span class='ocrx_word' id='word_1_395' title='bbox 190 4796 223 4836; x_wconf 88' lang='lat' dir='ltr'><strong>oa</strong></span> <span class='ocrx_word' id='word_1_396' title='bbox 235 4778 285 4851; x_wconf 87' lang='lat' dir='ltr'><strong>qui</strong></span> <span class='ocrx_word' id='word_1_397' title='bbox 299 4784 341 4835; x_wconf 80' lang='lat' dir='ltr'><strong>aot</strong></span> <span class='ocrx_word' id='word_1_398' title='bbox 355 4778 411 4836; x_wconf 76' lang='lat' dir='ltr'><strong>idel</strong></span> <span class='ocrx_word' id='word_1_399' title='bbox 425 4782 454 4835; x_wconf 87' lang='lat' dir='ltr'><strong>ot</strong></span> <span class='ocrx_word' id='word_1_400' title='bbox 467 4779 495 4834; x_wconf 90' lang='lat' dir='ltr'><strong>la</strong></span> <span class='ocrx_word' id='word_1_401' title='bbox 509 4778 611 4833; x_wconf 79' lang='lat' dir='ltr'><strong>lectura</strong></span> <span class='ocrx_word' id='word_1_402' title='bbox 624 4791 678 4847; x_wconf 87' lang='lat' dir='ltr'><strong>quo</strong></span> <span class='ocrx_word' id='word_1_403' title='bbox 688 4774 747 4844; x_wconf 79' lang='lat' dir='ltr'><strong>j&#39;en</strong></span> <span class='ocrx_word' id='word_1_404' title='bbox 758 4776 787 4831; x_wconf 86' lang='lat' dir='ltr'><strong>ai</strong></span> <span class='ocrx_word' id='word_1_405' title='bbox 799 4776 865 4833; x_wconf 78' lang='lat' dir='ltr'><strong>faite</strong></span> <span class='ocrx_word' id='word_1_406' title='bbox 882 4796 887 4847; x_wconf 69' lang='grc' dir='ltr'><strong>ς</strong></span> <span class='ocrx_word' id='word_1_407' title='bbox 906 4776 1069 4851; x_wconf 69' lang='lat' dir='ltr'><strong>nentina-t,</strong></span> <span class='ocrx_word' id='word_1_408' title='bbox 1093 4777 1229 4850; x_wconf 87' lang='lat' dir='ltr'><strong>quoiqu&#39;il</strong></span> <span class='ocrx_word' id='word_1_409' title='bbox 1248 4778 1354 4835; x_wconf 84' lang='lat' dir='ltr'><strong>oemhlo</strong></span> <span class='ocrx_word' id='word_1_410' title='bbox 1366 4779 1546 4851; x_wconf 81' lang='lat' dir='ltr'><strong>comprendro</strong></span> <span class='ocrx_word' id='word_1_411' title='bbox 1558 4780 1649 4833; x_wconf 76' lang='lat' dir='ltr'><strong>touton</strong></span> <span class='ocrx_word' id='word_1_412' title='bbox 1663 4776 1704 4831; x_wconf 83' lang='lat' dir='ltr'><strong>loo</strong></span> 
     </span>
     <span class='ocr_line' id='line_1_38' title="bbox 64 4863 1701 4937; baseline -0.004 -10"><span class='ocrx_word' id='word_1_413' title='bbox 64 4871 122 4927; x_wconf 74' lang='lat' dir='ltr'><strong>m&#39;a</strong></span> <span class='ocrx_word' id='word_1_414' title='bbox 140 4866 274 4925; x_wconf 76' lang='lat' dir='ltr'><strong>oonfirmt</strong></span> <span class='ocrx_word' id='word_1_415' title='bbox 287 4867 355 4924; x_wconf 75' lang='lat' dir='ltr'><strong>(laus</strong></span> <span class='ocrx_word' id='word_1_416' title='bbox 368 4868 395 4925; x_wconf 82' lang='lat' dir='ltr'><strong>lo</strong></span> <span class='ocrx_word' id='word_1_417' title='bbox 408 4867 557 4923; x_wconf 87' lang='lat' dir='ltr'><strong>sentiment</strong></span> <span class='ocrx_word' id='word_1_418' title='bbox 569 4880 623 4936; x_wconf 87' lang='lat' dir='ltr'><strong>que</strong></span> <span class='ocrx_word' id='word_1_419' title='bbox 633 4863 686 4932; x_wconf 81' lang='lat' dir='ltr'><strong>j&#39;ai</strong></span> <span class='ocrx_word' id='word_1_420' title='bbox 700 4863 815 4935; x_wconf 75' lang='lat' dir='ltr'><strong>maique</strong></span> <span class='ocrx_word' id='word_1_421' title='bbox 829 4880 864 4920; x_wconf 84' lang='lat' dir='ltr'><strong>au</strong></span> <span class='ocrx_word' id='word_1_422' title='bbox 908 4864 1056 4921; x_wconf 83' lang='lat' dir='ltr'><strong>modalite&#39;o</strong></span> <span class='ocrx_word' id='word_1_423' title='bbox 1074 4883 1139 4923; x_wconf 80' lang='lat' dir='ltr'><strong>eous</strong></span> <span class='ocrx_word' id='word_1_424' title='bbox 1160 4866 1200 4923; x_wconf 81' lang='lat' dir='ltr'><strong>loa</strong></span> <span class='ocrx_word' id='word_1_425' title='bbox 1215 4865 1323 4925; x_wconf 69' lang='lat' dir='ltr'><strong>rtatim</strong></span> <span class='ocrx_word' id='word_1_426' title='bbox 1343 4866 1413 4925; x_wconf 88' lang='lat' dir='ltr'><strong>dont</strong></span> <span class='ocrx_word' id='word_1_427' title='bbox 1432 4867 1453 4923; x_wconf 93' lang='lat' dir='ltr'><strong>il</strong></span> <span class='ocrx_word' id='word_1_428' title='bbox 1474 4872 1540 4923; x_wconf 86' lang='lat' dir='ltr'><strong>veut</strong></span> <span class='ocrx_word' id='word_1_429' title='bbox 1560 4880 1614 4937; x_wconf 84' lang='lat' dir='ltr'><strong>quo</strong></span> <span class='ocrx_word' id='word_1_430' title='bbox 1629 4864 1701 4921; x_wconf 80' lang='lat' dir='ltr'><strong>Dion</strong></span> 
     </span>
     <span class='ocr_line' id='line_1_39' title="bbox 65 4950 1702 5030; baseline -0.002 -17"><span class='ocrx_word' id='word_1_431' title='bbox 65 4958 158 5013; x_wconf 80' lang='lat' dir='ltr'><strong>mdmo</strong></span> <span class='ocrx_word' id='word_1_432' title='bbox 171 4955 290 5030; x_wconf 82' lang='lat' dir='ltr'><strong>ertdroit,</strong></span> <span class='ocrx_word' id='word_1_433' title='bbox 307 4972 362 5028; x_wconf 81' lang='lat' dir='ltr'><strong>quo</strong></span> <span class='ocrx_word' id='word_1_434' title='bbox 375 4960 446 5013; x_wconf 83' lang='lat' dir='ltr'><strong>ootte</strong></span> <span class='ocrx_word' id='word_1_435' title='bbox 460 4952 631 5028; x_wconf 85' lang='lat' dir='ltr'><strong>proposition</strong></span> <span class='ocrx_word' id='word_1_436' title='bbox 644 4956 711 5024; x_wconf 87' lang='lat' dir='ltr'><strong>peut</strong></span> <span class='ocrx_word' id='word_1_437' title='bbox 720 4952 779 5007; x_wconf 76' lang='lat' dir='ltr'><strong>ttre</strong></span> <span class='ocrx_word' id='word_1_438' title='bbox 789 4952 866 5009; x_wconf 78' lang='lat' dir='ltr'><strong>vraio</strong></span> <span class='ocrx_word' id='word_1_439' title='bbox 907 4954 966 5009; x_wconf 87' lang='lat' dir='ltr'><strong>oeul</strong></span> <span class='ocrx_word' id='word_1_440' title='bbox 980 4954 1036 5010; x_wconf 77' lang='lat' dir='ltr'><strong>soit</strong></span> <span class='ocrx_word' id='word_1_441' title='bbox 1049 4955 1187 5011; x_wconf 78' lang='lat' dir='ltr'><strong>laoaaee:</strong></span> <span class='ocrx_word' id='word_1_442' title='bbox 1231 4957 1285 5013; x_wconf 85' lang='lat' dir='ltr'><strong>Car</strong></span> <span class='ocrx_word' id='word_1_443' title='bbox 1299 4955 1368 5012; x_wconf 89' lang='lat' dir='ltr'><strong>dans</strong></span> <span class='ocrx_word' id='word_1_444' title='bbox 1384 4957 1409 5011; x_wconf 86' lang='lat' dir='ltr'><strong>lo</strong></span> <span class='ocrx_word' id='word_1_445' title='bbox 1424 4956 1490 5012; x_wconf 82' lang='lat' dir='ltr'><strong>lond</strong></span> <span class='ocrx_word' id='word_1_446' title='bbox 1503 4954 1533 5022; x_wconf 89' lang='lat' dir='ltr'><strong>jo</strong></span> <span class='ocrx_word' id='word_1_447' title='bbox 1546 4952 1620 5009; x_wconf 80' lang='lat' dir='ltr'><strong>crois</strong></span> <span class='ocrx_word' id='word_1_448' title='bbox 1633 4950 1702 5024; x_wconf 82' lang='lat' dir='ltr'><strong>qu&#39;il</strong></span> 
     </span>
     <span class='ocr_line' id='line_1_40' title="bbox 64 5034 1703 5118; baseline -0.002 -15"><span class='ocrx_word' id='word_1_449' title='bbox 64 5046 134 5103; x_wconf 83' lang='lat' dir='ltr'><strong>dana</strong></span> <span class='ocrx_word' id='word_1_450' title='bbox 158 5062 197 5103; x_wconf 92' lang='lat' dir='ltr'><strong>un</strong></span> <span class='ocrx_word' id='word_1_451' title='bbox 218 5047 276 5102; x_wconf 86' lang='lat' dir='ltr'><strong>lort</strong></span> <span class='ocrx_word' id='word_1_452' title='bbox 294 5044 351 5101; x_wconf 93' lang='lat' dir='ltr'><strong>bon</strong></span> <span class='ocrx_word' id='word_1_453' title='bbox 370 5060 448 5115; x_wconf 83' lang='lat' dir='ltr'><strong>aeus,</strong></span> <span class='ocrx_word' id='word_1_454' title='bbox 474 5042 544 5099; x_wconf 85' lang='lat' dir='ltr'><strong>Dion</strong></span> <span class='ocrx_word' id='word_1_455' title='bbox 565 5039 642 5097; x_wconf 77' lang='lat' dir='ltr'><strong>eitam</strong></span> <span class='ocrx_word' id='word_1_456' title='bbox 656 5040 684 5095; x_wconf 86' lang='lat' dir='ltr'><strong>la</strong></span> <span class='ocrx_word' id='word_1_457' title='bbox 697 5040 772 5095; x_wconf 81' lang='lat' dir='ltr'><strong>seule</strong></span> <span class='ocrx_word' id='word_1_458' title='bbox 785 5056 865 5097; x_wconf 76' lang='lat' dir='ltr'><strong>muso</strong></span> <span class='ocrx_word' id='word_1_459' title='bbox 908 5041 1072 5101; x_wconf 83' lang='lat' dir='ltr'><strong>u&#39;admettra</strong></span> <span class='ocrx_word' id='word_1_460' title='bbox 1086 5060 1137 5118; x_wconf 77' lang='lat' dir='ltr'><strong>pne</strong></span> <span class='ocrx_word' id='word_1_461' title='bbox 1150 5060 1204 5117; x_wconf 83' lang='lat' dir='ltr'><strong>quo</strong></span> <span class='ocrx_word' id='word_1_462' title='bbox 1218 5045 1291 5102; x_wconf 83' lang='lat' dir='ltr'><strong>Dieu</strong></span> <span class='ocrx_word' id='word_1_463' title='bbox 1305 5049 1349 5099; x_wconf 78' lang='lat' dir='ltr'><strong>est</strong></span> <span class='ocrx_word' id='word_1_464' title='bbox 1358 5044 1385 5100; x_wconf 87' lang='lat' dir='ltr'><strong>la</strong></span> <span class='ocrx_word' id='word_1_465' title='bbox 1398 5060 1479 5101; x_wconf 83' lang='lat' dir='ltr'><strong>eauoo</strong></span> <span class='ocrx_word' id='word_1_466' title='bbox 1492 5048 1521 5098; x_wconf 90' lang='lat' dir='ltr'><strong>ot</strong></span> <span class='ocrx_word' id='word_1_467' title='bbox 1535 5034 1652 5099; x_wconf 78' lang='lat' dir='ltr'><strong>l&#39;anteur</strong></span> <span class='ocrx_word' id='word_1_468' title='bbox 1665 5040 1703 5099; x_wconf 88' lang='lat' dir='ltr'><strong>du</strong></span> 
     </span>
     <span class='ocr_line' id='line_1_41' title="bbox 65 5127 1702 5209; baseline -0.004 -18"><span class='ocrx_word' id='word_1_469' title='bbox 65 5133 116 5191; x_wconf 82' lang='lat' dir='ltr'><strong>deo</strong></span> <span class='ocrx_word' id='word_1_470' title='bbox 129 5131 241 5193; x_wconf 70' lang='lat' dir='ltr'><strong>riolitde</strong></span> <span class='ocrx_word' id='word_1_471' title='bbox 255 5149 353 5207; x_wconf 74' lang='lat' dir='ltr'><strong>puros,</strong></span> <span class='ocrx_word' id='word_1_472' title='bbox 367 5136 397 5192; x_wconf 88' lang='lat' dir='ltr'><strong>et</strong></span> <span class='ocrx_word' id='word_1_473' title='bbox 411 5130 551 5204; x_wconf 66' lang='lat' dir='ltr'><strong>absolata,</strong></span> <span class='ocrx_word' id='word_1_474' title='bbox 567 5145 604 5186; x_wconf 89' lang='lat' dir='ltr'><strong>ou</strong></span> <span class='ocrx_word' id='word_1_475' title='bbox 618 5128 669 5186; x_wconf 79' lang='lat' dir='ltr'><strong>doe</strong></span> <span class='ocrx_word' id='word_1_476' title='bbox 682 5127 864 5203; x_wconf 66' lang='lat' dir='ltr'><strong>perladionm</strong></span> <span class='ocrx_word' id='word_1_477' title='bbox 882 5164 887 5188; x_wconf 59' lang='grc' dir='ltr'>ι</span> <span class='ocrx_word' id='word_1_478' title='bbox 907 5129 1004 5206; x_wconf 68' lang='lat' dir='ltr'><strong>pathe:</strong></span> <span class='ocrx_word' id='word_1_479' title='bbox 1048 5133 1072 5193; x_wconf 92' lang='lat' dir='ltr'><strong>ll</strong></span> <span class='ocrx_word' id='word_1_480' title='bbox 1100 5132 1254 5209; x_wconf 73' lang='lat' dir='ltr'><strong>a&#39;oxpliquo</strong></span> <span class='ocrx_word' id='word_1_481' title='bbox 1283 5133 1375 5191; x_wconf 73' lang='lat' dir='ltr'><strong>miano</strong></span> <span class='ocrx_word' id='word_1_482' title='bbox 1400 5134 1483 5191; x_wconf 78' lang='lat' dir='ltr'><strong>d&#39;uno</strong></span> <span class='ocrx_word' id='word_1_483' title='bbox 1507 5130 1629 5191; x_wconf 72' lang='lat' dir='ltr'><strong>manliae</strong></span> <span class='ocrx_word' id='word_1_484' title='bbox 1653 5129 1702 5203; x_wconf 87' lang='lat' dir='ltr'><strong>qui</strong></span> 
     </span>
    </p>
   </div>
   <div class='ocr_carea' id='block_1_13' title="bbox 0 0 1860 5842">
    <p class='ocr_par' dir='ltr' id='par_1_14' title="bbox 0 0 1860 5842">
     <span class='ocr_line' id='line_1_42' title="bbox 0 0 1860 5842; baseline 0 0"><span class='ocrx_word' id='word_1_485' title='bbox 0 0 1860 5842; x_wconf 95' lang='lat' dir='ltr'><strong> </strong></span> 
     </span>
    </p>
   </div>
  </div>
 </body>
</html>
