3706 5828
626 345 733 406 xxm
761 344 1046 405 numunianum
1060 345 1228 405 Inclusa
1370 342 1384 353 “
1676 335 1741 403 103

102 496 160 547 εει
181 488 302 546 ridens
321 503 380 545 non
400 489 483 546 aliter
502 489 590 563 accipi
603 489 693 561 (lebet,
714 487 897 561 quamhomo
948 488 1131 561 quantitatem
1159 504 1227 544 suae
1253 485 1461 560 propositionis.
1510 487 1543 545 ln
1570 486 1605 544 U.
1628 487 1663 544 A
1685 489 1741 545 AB

103 579 230 637 ridens
252 581 308 632 est
332 578 414 651 Ena,
442 593 542 652 nempe
569 577 700 651 possibile
726 593 774 631 seu
800 576 831 631 in
856 592 898 632 ιε·
948 580 1021 648 9Α.
1065 577 1139 649 Engo
1160 580 1189 633 et
1211 567 1255 639 V
1278 577 1333 632 AB
1354 593 1371 646 9
1394 567 1438 639 V
1459 578 1494 632 A
1536 575 1589 633 Sed
1612 577 1642 632 in
1662 577 1740 634 P.N.

103 669 190 740 mone
210 667 346 724 ldoerunc
386 666 440 722 Sed
466 666 497 722 si
518 667 639 722 ridens
664 669 716 721 εει
737 664 817 738 Ens,
846 680 898 736 pro
922 710 924 717 ,
948 666 973 722 si
996 665 1050 722 AB
1070 681 1128 721 non
1149 682 1167 735 9
1188 665 1216 721 A
1236 681 1295 720 uon
1315 663 1379 721 hinc
1400 655 1584 736 sequier
1605 666 1661 722 AB
1682 683 1741 723 non

103 757 157 813 tali
178 755 374 830 aaudpoterit,
395 752 898 827 reumqueeritaliqoembominem
921 730 925 803 i
948 745 1022 826 pV
1043 755 1080 828 A,
1101 769 1169 810 nam
1191 753 1216 808 si
1239 744 1283 816 V
1305 769 1323 824 9
1345 754 1377 825 B,
1399 744 1600 816 foretVAB
1620 745 1741 825 9VA

104 851 172 904 netu
191 845 291 901 ridete.
333 843 411 900 idem
431 849 474 900 εει
495 843 756 916 amissenus
777 857 900 915 permo-
948 844 1055 900 Rursus
1077 859 1144 900 vero
1165 842 1195 896 in
1217 841 1250 896 V.
1266 841 1301 897 N.
1323 841 1349 896 si
1370 841 1426 898 AB
1447 856 1506 897 non
1527 843 1741 899 estFnsetiaur

106 934 184 1006 duni,
205 949 263 1006 quo
283 931 369 988 ctiam
388 932 559 1005 particulans
572 931 737 988 affinuativa
757 930 793 986 ad
807 929 900 1002 aequi·
950 923 1060 995 VAB
1074 947 1133 988 uon
1153 930 1274 1005 etms,
1297 946 1347 985 sen
1369 930 1394 985 si
1415 930 1470 987 AB
1491 946 1549 987 non
1564 947 1582 1002 9
1597 932 1653 988 AB
1674 933 1741 1004 Ena,
1828 931 1831 937 ’

106 1022 272 1095 pollentiam
292 1021 443 1077 reducitur:
471 1021 569 1076 Omnis
595 1021 687 1076 ridens
707 1024 751 1075 εει
775 1018 859 1074 homo
880 1017 899 1072 i.
948 1021 1035 1077 etiam
1057 1010 1102 1083 V
1121 1019 1172 1077 AB
1198 1034 1257 1074 non
1278 1035 1295 1090 9
1319 1008 1363 1081 Ψ
1384 1018 1439 1074 AB
1460 1018 1527 1076 Ens.
1579 1021 1633 1076 Sed
1659 1021 1689 1077 in
1710 1021 1742 1076 P.

106 1128 131 1167 e.
153 1110 249 1167 ridens
269 1114 298 1165 et
318 1109 411 1166 ridens
432 1109 517 1165 bomo
542 1108 723 1181 aequivalent.
755 1107 843 1163 Porro
862 1105 899 1162 ai·
949 1112 984 1166 A
1007 1109 1033 1164 si
1053 1109 1108 1165 AB
1133 1113 1176 1164 est
1196 1108 1264 1180 Ens,
1292 1123 1351 1162 non
1371 1107 1496 1179 seqnimr
1515 1109 1600 1165 etiam
1623 1101 1667 1173 V
1688 1109 1743 1165 AB

106 1197 590 1270 dunetddensEnsaequivalaut
623 1195 804 1268 Ergoridens
817 1195 900 1251 bomo
949 1214 1011 1255 esse
1037 1196 1110 1266 Ειιες
1142 1200 1251 1271 potesta
1272 1197 1332 1252 nim
1358 1196 1411 1251 sub
1440 1187 1485 1259 V
1505 1199 1611 1253 assumi
1637 1197 1743 1270 aliquid

105 1293 135 1343 et
155 1287 251 1344 ridens
271 1286 355 1343 bomo
376 1286 434 1340 Ens
454 1286 643 1358 acquirebat,
664 1285 738 1357 Ergo
759 1284 843 1340 bomo
864 1283 900 1342 ri·
950 1285 1157 1359 incompatibile
1182 1301 1248 1342 cum
1275 1285 1304 1340 A
1328 1288 1358 1339 et
1384 1285 1415 1340 B.
1462 1286 1559 1358 ltaque
1585 1302 1623 1341 ex
1647 1291 1743 1342 nostro

106 1376 177 1432 oss
197 1380 230 1431 ει
247 1375 331 1431 bomo
358 1374 450 1430 ridens
477 1375 534 1430 Eos
560 1373 772 1447 aequivalenti
795 1390 820 1428 e.
841 1372 901 1443 qui·
950 1375 1055 1433 calculo
1077 1391 1173 1430 omnes
1195 1372 1355 1445 collegimus
1376 1375 1486 1446 regulus
1507 1375 1743 1431 distributionum

106 1465 174 1520 &m
195 1463 281 1519 laomo
307 1467 350 1520 est
375 1463 481 1535 ridens,
503 1463 606 1519 scilicet
631 1462 662 1518 in
687 1462 798 1535 regione
823 1460 901 1516 idea·
995 1465 1141 1521 caeternum
1162 1467 1191 1518 et
1212 1463 1242 1518 in
1263 1462 1352 1517 altero
1373 1462 1423 1518 illo
1438 1463 1522 1519 modo
1535 1462 1744 1520 demonstrandi

106 1568 170 1610 mm
191 1568 242 1608 seu
262 1557 294 1608 ιιι
314 1551 398 1607 homo
423 1551 517 1608 ridens
543 1552 580 1607 sit
610 1551 667 1607 uns
693 1551 738 1606 vel
764 1555 796 1607 ut
817 1550 901 1606 homo
951 1553 1055 1626 logicus
1077 1554 1188 1624 tomice,
1210 1550 1261 1607 ubi
1283 1566 1341 1606 non
1362 1567 1413 1623 per
1425 1551 1504 1607 ldees
1523 1552 1573 1607 sed
1587 1568 1638 1624 per
1650 1568 1745 1608 exenn-

106 1641 203 1698 ridens
224 1644 255 1696 et
274 1641 358 1697 bomo
378 1639 471 1696 tidem
493 1640 550 1696 Fan
570 1641 761 1712 aequivaleant
782 1654 840 1694 non
860 1637 901 1694 ul·
952 1641 999 1715 pla
1026 1639 1151 1709 subjecta
1172 1638 1375 1713 progredimur,
1403 1640 1554 1697 refellenda
1579 1642 1634 1697 erit
1659 1655 1745 1714 prava

106 1736 160 1802 tn,
183 1743 273 1801 neque
293 1729 407 1801 quidam
428 1729 511 1784 bomo
525 1734 567 1785 est
586 1730 679 1785 ridens
693 1727 826 1800 signifieat
839 1731 902 1782 actu
951 1730 1000 1786 illa
1020 1728 1228 1801 consequentia:
1256 1727 1349 1783 omnis
1369 1728 1462 1784 ridens
1484 1733 1527 1784 εει
1552 1729 1651 1799 bomo;
1680 1744 1745 1802 ergo

105 1819 231 1891 aliquem
256 1817 396 1873 honinem
426 1817 523 1874 ridere.
577 1818 669 1874 Verba
696 1833 761 1889 ergo
792 1816 902 1888 linguae
952 1817 1071 1911 quiqu
1084 1818 1168 1874 bomo
1189 1821 1233 1872 εει
1252 1816 1347 1873 ridens
1369 1833 1419 1872 εειι
1444 1817 1525 1873 ridet.
1573 1819 1676 1874 Senem
1702 1821 1746 1873 est

105 1906 241 1979 ambiam
260 1911 333 1979 sunt,
348 1906 558 1979 ambigldtatem
579 1923 645 1963 vero
664 1905 787 1963 reductm
808 1907 903 1960 nostia
952 1906 1044 1963 omnis
1065 1906 1158 1963 ridens
1179 1904 1322 1980 possibilis
1343 1909 1388 1961 est
1412 1907 1511 1980 bomo,
1539 1923 1605 1978 ergo
1632 1905 1745 1980 quidam

105 1996 190 2053 tollit.
951 1997 1036 2053 bomo
1056 1999 1100 2052 εει
1119 1995 1213 2050 ridens
1234 1993 1392 2067 possibilis3
1413 1999 1495 2051 recte.
1532 1996 1613 2051 llunc
1633 2012 1746 2052 εειιειιιιι

149 2083 227 2140 Hinc
239 2081 324 2138 etiam
339 2087 415 2155 patet
425 2081 614 2139 Universalem
625 2081 826 2139 Affumativam
838 2096 902 2137 oum
953 2085 1076 2141 ostendit
1096 2088 1191 2140 nostm
1212 2083 1417 2158 interpretatio,
1446 2099 1518 2158 quae
1538 2085 1746 2142 conversionem

105 2188 157 2228 ιιιε
179 2171 308 2244 opposita
329 2172 361 2227 P.
376 2170 411 2227 N.
434 2175 494 2226 toto
508 2172 585 2227 coelo
606 2171 715 2226 elidem
737 2169 773 2226 ab
788 2169 902 2225 Univer·
953 2190 1003 2246 per
1023 2172 1148 2229 accidens
1170 2171 1322 2244 legitimam
1343 2172 1442 2229 reddit
1486 2173 1592 2229 Ridens
1614 2191 1632 2246 9
1652 2174 1745 2229 ridens

106 2260 159 2317 sali
181 2259 317 2332 Nagaova
343 2276 407 2315 cum
428 2276 478 2315 sua
499 2259 639 2332 opposita,
666 2274 730 2315 cum
757 2258 787 2313 in
813 2260 902 2330 poste
925 2280 928 2315 ι
953 2263 1043 2318 ιιοιιιο.
1087 2262 1151 2316 Jam
1173 2261 1265 2318 ridens
1287 2279 1305 2332 9
1326 2261 1420 2317 ridens
1442 2261 1507 2316 Eas
1558 2262 1631 2336 Ergo
1651 2262 1748 2318 ridens

106 2349 230 2406 rioribus
253 2348 310 2403 Ειιε
324 2353 490 2421 assumatur,
506 2364 563 2403 non
578 2349 609 2402 in
623 2346 769 2420 prioribus.
796 2347 829 2403 ln
843 2361 902 2401 om·
925 2340 928 2413 ἰ
952 2351 1035 2407 bomo
1056 2368 1074 2421 9
1095 2350 1189 2407 ridens
1216 2349 1300 2405 bomo
1327 2350 1400 2423 Ens,
1428 2350 1477 2423 qui
1497 2350 1592 2406 ridens
1613 2368 1631 2421 9
1653 2351 1745 2406 ridens

106 2438 193 2495 nous
215 2441 311 2493 amen
337 2437 420 2493 acra
445 2437 609 2508 assumitur,
637 2436 786 2491 lemnum
812 2436 902 2508 ingre
924 2420 928 2493 l
953 2440 1019 2496 uns.

106 2527 233 2583 ὥειιιειιι
254 2542 316 2580 csse
339 2526 405 2581 ms.
925 2496 928 2607 i
996 2527 1072 2582 Haec
1093 2526 1197 2583 faciunt
1218 2541 1263 2581 me
1289 2526 1386 2599 vereri,
1408 2532 1440 2583 nt
1461 2543 1499 2582 ex
1519 2525 1746 2599 interpretatione

150 2616 244 2672 Omne
265 2616 293 2670 A
315 2618 358 2669 εει
378 2615 402 2670 Β
424 2613 443 2670 i.
465 2629 489 2669 e.
512 2613 567 2669 AB
588 2631 606 2684 9
627 2614 663 2670 A.
925 2622 928 2663 1
952 2616 1091 2673 inductiva
1113 2617 1179 2673 liaeo
1199 2619 1272 2671 recte
1292 2615 1424 2671 constitui
1438 2615 1553 2688 possint.
1580 2615 1745 2670 Aristoteles

149 2702 301 2770 Quoddanr
321 2704 350 2760 A
369 2718 428 2758 non
449 2707 494 2758 est
514 2703 538 2758 B
558 2703 578 2758 i.
600 2719 616 2757 e
637 2699 691 2756 AB
713 2716 770 2756 non
791 2717 809 2772 9
830 2701 865 2755 A
926 2692 930 2745 ¹
952 2705 1013 2778 ipse
1034 2704 1109 2760 viam
1128 2704 1248 2762 idoalem
1269 2708 1378 2760 secutus
1392 2704 1510 2777 videtin,
1525 2720 1592 2760 nam
1607 2703 1674 2759 dicit
1687 2703 1746 2758 ani·

149 2792 270 2849 Nullum
291 2795 318 2849 A
340 2795 383 2847 est
404 2790 435 2847 B.
457 2792 475 2848 i.
498 2808 522 2847 e.
545 2791 600 2848 AB
621 2805 681 2845 non
708 2793 752 2845 est
774 2789 831 2845 Ens
854 2802 904 2844 seu
927 2752 931 2869 i
954 2793 1012 2850 mal
1033 2793 1125 2848 inesse
1138 2792 1253 2865 honuni,
1276 2809 1377 2866 nempe
1390 2793 1534 2850 notionem
1548 2792 1666 2863 notioni,
1682 2808 1746 2847 cum

107 2883 165 2939 AB
186 2897 247 2938 non
268 2897 286 2952 9
306 2881 361 2936 AB
383 2880 451 2935 Ens.
928 2886 932 2989 p
955 2883 1025 2938 alias
1053 2881 1146 2955 potius
1173 2881 1298 2936 homines
1320 2881 1407 2937 insint
1427 2881 1602 2939 animalibus.
1646 2881 1747 2938 Vadam

150 2969 301 3036 Quocldem
321 2970 349 3025 A
370 2974 414 3025 εει
435 2970 458 3026 Β
479 2968 497 3024 i.
521 2983 545 3022 e.
567 2968 621 3023 AB
642 2971 686 3022 est
707 2965 765 3022 Ens
787 2981 837 3020 seu
850 2964 906 3020 AB
956 2986 1019 3026 mus
1040 2973 1134 3026 ιιιιιιειι
1155 2970 1222 3042 quid
1243 2986 1281 3026 ex
1300 2971 1444 3026 collectiva
1457 2970 1669 3028 ratiocinatione
1682 2968 1745 3027 duci

107 3076 125 3130 9
145 3059 204 3117 AB
226 3058 293 3114 Ens.
929 3074 932 3133 5
955 3058 1054 3132 possit.
1092 3059 1253 3116 Barbara.
1290 3059 1395 3116 Omnes
1409 3060 1534 3116 houdnes
1548 3064 1615 3116 sunt
1635 3061 1666 3116 in
1686 3059 1746 3117 aui·

151 3147 201 3203 Ex
220 3146 265 3202 bis
287 3149 365 3218 patet
384 3145 416 3200 in
437 3144 515 3200 omni
536 3142 726 3217 propositione
740 3140 905 3198 affirmativa
929 3184 932 3215 ,
955 3146 1084 3203 malibus.
1121 3148 1224 3203 Omnes
1239 3147 1340 3204 milites
1354 3153 1421 3203 sont
1434 3148 1465 3204 in
1478 3149 1644 3206 bominibus.
1670 3149 1745 3222 Frgo

108 3235 301 3309 praedicam
322 3251 384 3289 esse
398 3233 576 3307 particulare3
597 3230 647 3287 sed
668 3247 726 3287 non
747 3246 835 3302 aeque
856 3245 905 3304 pe·
929 3226 931 3261 ¹
955 3252 1053 3292 omncs
1074 3234 1177 3292 milites
1203 3239 1269 3291 ειιιιι
1294 3236 1325 3291 in
1350 3237 1525 3293 animalibus.
1569 3238 1745 3294 Celarent.

109 3330 151 3380 tet
171 3324 205 3380 in
225 3322 305 3379 omni
326 3323 456 3396 negativa
474 3320 660 3395 praedicatum
674 3337 735 3376 esse
749 3317 904 3375 universale
929 3317 931 3391 s
955 3326 1060 3381 Omnes
1081 3324 1207 3380 homines
1228 3327 1294 3381 sunt
1315 3330 1396 3382 extra
1416 3326 1531 3398 lapides.
1568 3326 1672 3382 Omnes
1693 3325 1745 3381 mi-

109 3430 159 3469 ssu
182 3411 329 3470 samsai.
377 3411 551 3468 Generaliter
578 3425 726 3482 agnoscere
752 3408 904 3482 poterimus
955 3414 1020 3470 lites
1047 3417 1113 3469 sunt
1138 3413 1168 3468 in
1196 3412 1363 3470 hominibus.
1417 3415 1489 3487 tho
1516 3430 1613 3471 omnes
1641 3415 1744 3470 milites

109 3519 146 3558 an
175 3501 313 3558 termium
339 3501 367 3557 A
395 3500 440 3556 vel
467 3500 489 3555 B
521 3500 558 3554 sit
582 3498 757 3554 universalis.
801 3498 831 3555 si
852 3513 904 3570 pro
928 3554 930 3571 ,
955 3509 1021 3573 sunt
1042 3506 1122 3557 extra
1136 3501 1251 3574 lapides.
1286 3502 1392 3558 Darii.
1423 3502 1526 3559 Omnes
1540 3503 1665 3559 homines
1680 3506 1745 3557 sunt

110 3593 136 3647 A
156 3592 205 3647 vel
226 3590 251 3646 B
272 3589 405 3645 substitui
431 3592 523 3661 potest
544 3577 587 3650 V
609 3589 637 3644 A
663 3586 708 3642 vel
736 3575 780 3649 V
803 3586 826 3642 B
853 3585 904 3642 ubi
928 3596 931 3665 J
954 3593 985 3648 in
1005 3589 1181 3647 animalibus.
1224 3590 1344 3655 Quidam
1365 3590 1548 3663 intelligentes
1563 3596 1628 3647 sunt
1650 3591 1680 3646 in
1695 3592 1744 3648 ho-

110 3671 155 3742 V
183 3683 279 3754 potest
311 3695 373 3733 esse
409 3678 590 3750 quodcunque
621 3693 684 3731 com
717 3676 741 3731 B
770 3674 905 3747 compati·
928 3676 930 3689 '
954 3680 1085 3737 minibus.
1118 3679 1190 3752 Ergo
1210 3678 1323 3751 quidem
1343 3678 1528 3751 intelligentes
1548 3683 1614 3734 sunt
1634 3679 1664 3734 in
1686 3679 1746 3734 ani·

111 3768 168 3824 bile
196 3767 273 3824 velut
300 3768 322 3824 C
348 3768 372 3823 F
397 3773 448 3823 etc.
501 3768 565 3822 Jam
596 3781 635 3820 ex
666 3764 722 3820 AB
749 3782 766 3834 9
793 3766 821 3821 Α
846 3778 905 3820 11⁰ss
928 3775 930 3789 ¹
955 3768 1083 3826 malibus.
1115 3767 1225 3823 Ferio.
1256 3767 1361 3822 Omnes
1382 3766 1506 3823 homines
1521 3772 1585 3824 sunt
1606 3772 1685 3823 extra
1706 3767 1746 3824 la·

111 3857 177 3914 licet
203 3857 308 3914 inierre
334 3858 362 3912 A
388 3846 431 3919 Ψ
457 3856 480 3912 Β
506 3873 523 3926 9
551 3854 579 3909 A
607 3854 672 3910 lieet
699 3852 775 3908 enim
798 3854 906 3909 Boon·
929 3910 931 3931 Ι
955 3857 1041 3931 pides.
1084 3855 1226 3920 Quaedam
1247 3855 1419 3910 substantiae
1439 3863 1505 3911 sunt
1525 3856 1555 3911 in
1575 3856 1745 3914 hominibus.

111 3947 235 4003 tineatm
255 3946 287 4001 in
307 3945 336 4001 A
356 3961 415 4000 non
435 3945 498 4000 ideo
513 3933 557 4006 V
574 3942 595 3997 B
615 3941 804 3998 continebitur
823 3941 853 3996 in
867 3941 904 3996 A·
929 3940 932 3945 ’
955 3946 1028 4018 Ειςο
1053 3945 1189 4017 quaedam
1221 3944 1393 4000 substantiae
1426 3948 1492 3999 sunt
1525 3950 1605 4001 extr-a
1631 3944 1746 4019 lapides.

111 4035 247 4092 similiter
266 4051 319 4108 pro
340 4034 396 4089 nn
422 4051 439 4104 9
460 4034 509 4088 nn
532 4031 589 4087 ms
610 4047 668 4086 non
685 4031 802 4086 ineat
823 4019 906 4092 AV
929 4016 933 4103 ζ
956 4033 995 4090 in
1016 4032 1172 4105 Darapti.
1205 4030 1302 4088 Omnis
1324 4032 1408 4088 nomo
1429 4033 1652 4107 etmauigens.
1680 4034 1746 4091 em-

112 4123 134 4179 B
153 4142 173 4195 9
196 4124 225 4179 A
248 4113 293 4184 V
314 4123 339 4178 B
360 4122 426 4178 Eos.
462 4120 523 4176 Etsi
545 4122 621 4175 eninr
636 4109 680 4180 V
694 4120 717 4176 B
739 4118 776 4173 sit
793 4118 850 4173 Ens
870 4134 907 4174 ex
931 4152 933 4171 ι
956 4121 1001 4178 nis
1022 4121 1107 4177 homo
1128 4126 1171 4176 est
1192 4121 1303 4176 animal.
1336 4120 1410 4194 Ergo
1425 4120 1563 4194 quoddam
1584 4122 1688 4178 animal
1704 4127 1747 4178 ast

113 4211 269 4286 amussi,
291 4226 351 4266 nou
366 4211 429 4267 ideo
443 4209 566 4281 sequitur
579 4210 607 4264 A
621 4197 665 4271 V
679 4224 741 4263 esse
763 4224 821 4262 ens.
853 4207 908 4263 lta·
957 4210 1122 4282 intelligens.
1145 4208 1448 4282 Interpretatione
1462 4209 1660 4267 collectiva.
1681 4211 1748 4268 Om-

113 4317 166 4374 qae
188 4301 255 4357 irinc
274 4304 354 4372 patet
374 4298 560 4372 praedicatum
574 4297 771 4371 propositionis
789 4297 908 4352 affirma·
931 4278 934 4409 i
957 4315 1008 4355 nes
1028 4299 1154 4354 homines
1175 4302 1242 4353 sunt
1263 4297 1293 4353 in
1314 4297 1540 4370 intelligentibus.
1574 4299 1678 4355 Omnes
1699 4302 1748 4357 bo·

114 4390 189 4446 uvas
209 4404 270 4444 non
291 4403 355 4443 esse
375 4387 540 4443 universale.
584 4387 770 4442 Ostendemus
792 4385 849 4454 jam
871 4385 909 4439 si·
931 4414 934 4445 i
958 4388 1048 4444 mines
1070 4390 1136 4442 sunt
1161 4385 1192 4441 in
1213 4385 1389 4443 animalibus.
1432 4389 1506 4461 Frgo
1531 4387 1668 4461 quaedem
1689 4389 1749 4446 ani·

114 4479 174 4535 mili
196 4477 330 4535 uredodo
351 4476 538 4550 praedicatum
554 4475 753 4548 propositionis
764 4474 908 4546 negativae
931 4466 934 4535 ξ
958 4476 1043 4532 mulia
1068 4478 1134 4530 subt
1160 4473 1191 4529 in
1217 4474 1443 4548 intelligentibus.
1480 4477 1691 4533 Transieramus
1711 4476 1748 4534 ad

113 4583 176 4623 ease
190 4566 358 4623 mdversalc.
397 4565 504 4639 Nempe
526 4564 550 4618 si
572 4564 626 4620 AB
646 4579 705 4620 non
727 4579 745 4634 9
765 4563 802 4635 A,
823 4564 909 4618 etiam
932 4592 935 4659 i
959 4565 1030 4621 bunc
1056 4563 1266 4636 syllogismum,
1293 4578 1350 4637 quo
1377 4565 1520 4622 conversio
1547 4582 1597 4639 per
1620 4567 1748 4623 accidens

114 4646 245 4720 AVB
265 4670 324 4711 non
344 4670 362 4725 9
386 4655 408 4713 A
432 4655 492 4709 sive
513 4643 687 4715 enimVB
708 4651 747 4706 sit
767 4667 786 4722 9
807 4649 838 4722 B,
860 4655 910 4706 aut
958 4654 1175 4711 dmonstratae
1212 4651 1304 4709 omnis
1341 4652 1434 4708 ridens
1465 4658 1510 4710 est
1545 4653 1655 4727 ridens,
1689 4669 1748 4710 om·

115 4736 382 4816 AV9Bsive
409 4730 909 4815 non,resprocedit,nsmsiV
958 4743 1003 4798 nis
1033 4741 1128 4798 ridens
1154 4745 1199 4797 est
1228 4740 1327 4814 buno,
1359 4756 1426 4815 orgo
1456 4742 1570 4817 quidam
1596 4742 1678 4798 bomo
1704 4746 1749 4796 εει

114 4832 225 4906 891³,
248 4833 295 4889 vel
315 4832 344 4888 A
365 4822 441 4904 V9
459 4833 487 4888 A
508 4829 641 4887 substitui
661 4832 794 4902 poterunt
813 4828 910 4903 proli
959 4831 1062 4903 ridens,
1088 4830 1306 4904 interpretando:
1338 4844 1434 4887 omues
1466 4831 1588 4888 ridentes
1620 4834 1686 4885 sunt
1717 4830 1748 4886 iu

116 4923 159 4978 vel
180 4938 236 4997 pro
261 4922 298 4978 A
347 4920 376 4977 Si
402 4937 469 4978 vero
494 4935 553 4976 non
573 4918 793 4992 aequipolleant,
820 4917 910 4974 multo
959 4919 1128 4993 ridentibus,
1155 4934 1251 4977 omnes
1276 4918 1397 4975 ridentes
1422 4923 1490 4976 sunt
1520 4919 1551 4974 in
1576 4918 1745 4989 bominibus,

116 5011 205 5085 mgis
225 5012 255 5069 A
277 5002 418 5074 Vliet
437 5011 464 5066 A
486 5025 543 5065 non
564 5007 798 5081 aequipollcbunt.
832 5007 910 5062 ldem
960 5024 1026 5081 ergo
1047 5010 1161 5081 quidam
1181 5008 1306 5065 homines
1328 5012 1395 5065 arnt
1419 5007 1450 5064 in
1478 5004 1641 5064 ridentibus.
1695 5008 1748 5064 Sed

118 5097 593 5169 estinABnon9ABFns.
959 5095 1749 5170 quidsirevemuullusbomorideatlDieolmuc

156 5188 296 5277 Sopoeest
317 5191 350 5244 ιιι
374 5187 594 5245 demonstrantis
627 5184 784 5256 subiectum
809 5184 910 5242 babae
959 5185 1191 5262 propositiones,
1225 5200 1322 5243 omnes
1352 5185 1475 5244 ridentes
1506 5186 1572 5244 sunt
1601 5183 1633 5242 in
1661 5184 1748 5241 bmrri·
