3706 5828
151 318 256 383 xxx!
781 313 1176 373 PRAEFATIO.

151 454 220 522 lum
240 445 440 519 substantiale
467 444 684 538 phaenomena
710 445 889 514 realiaans·
913 444 1071 528 Lcibnitii,
1098 469 1179 537 qno,
1206 485 1250 496 —
1277 467 1352 514 cum
1378 442 1544 535 hucusque
1570 443 1790 528 contendisset,

152 591 284 661 corpora
314 562 389 633 nihil
421 585 492 630 esse
524 562 588 648 uisi¹
616 559 768 630 monades
805 561 922 629 multas
955 561 1049 629 simul
1084 571 1261 654 perceptas,
1297 571 1330 630 et
1362 561 1568 654 perceptionis
1601 558 1791 628 obscuritate

153 686 187 753 in
209 702 358 750 acervum
381 686 546 746 extensum
566 697 749 759 conversas,
786 677 856 745 ie
900 674 1143 770 »phaenomena
1169 675 1250 743 bene
1271 673 1398 743 mndata
1420 677 1502 742 sicut
1520 674 1657 758 in'dem,·
1701 674 1790 743 ideo·

155 821 219 889 que
242 782 332 864 enon
353 793 542 861 substantias
568 788 625 858 sed
646 790 850 861 substantiata
856 827 885 874 ,·
911 829 956 842 -
983 795 1131 884 organica
1151 801 1237 860 certe
1265 813 1396 884 corpora
1422 793 1455 858 in
1482 814 1575 858 veras
1601 789 1792 858 substantias

153 912 374 980 transformare
405 917 537 976 conatus
558 915 607 975 est
626 915 741 973 noster.
796 903 873 975 Non
898 909 1010 999 ignoro
1036 905 1162 997 quidem
1189 909 1375 974 sententiam
1405 930 1531 988 eorum,
1557 907 1623 974 imo
1644 907 1792 988 assentio,

155 1029 210 1119 qui
233 1025 348 1094 docent
367 1021 428 1090 hoc
453 1020 632 1090 »naculum
646 1017 876 1104 substantiale·
900 1021 1034 1112 ideoque
1054 1023 1150 1088 etiam
1169 1020 1321 1092 idealismi
1342 1021 1565 1102 desertionem,
1592 1022 1730 1088 maxima
1748 1042 1791 1089 ex

153 1151 243 1232 parte
265 1148 419 1208 extortam
441 1160 511 1205 esse
531 1135 683 1205 Leibnitio
705 1137 897 1228 argumentis
920 1133 1118 1227 theologicis,
1144 1157 1219 1202 cum
1240 1144 1397 1227 metueret
1421 1161 1462 1204 ne
1484 1144 1603 1230 corpus'
1619 1134 1737 1204 Christi
1756 1135 1792 1204 in

154 1253 351 1322 Eucharistia
376 1275 502 1322 merum
528 1250 769 1344 phaenomenon
794 1249 990 1333 redderetur3
1011 1250 1068 1318 sed
1088 1261 1204 1333 tamen,
1227 1274 1309 1342 quae
1329 1249 1380 1318 hic
1395 1251 1592 1333 mseruimus,
1612 1248 1792 1333 ostendunt,

156 1380 281 1461 praeter
299 1367 385 1436 illam
407 1366 483 1435 alias
505 1367 599 1434 etiam
626 1368 655 1433 ei
677 1367 856 1459 apparuisse
876 1367 909 1432 in
931 1372 1085 1455 sytemate
1104 1389 1163 1433 suo
1186 1364 1389 1433 difficultates.

243 1483 382 1552 LXVIII.
414 1482 469 1552 Ad
501 1481 871 1549 reverendissimum
905 1480 1061 1550 Patrem
1093 1481 1173 1550 Des
1204 1481 1351 1551 Bosses
1383 1478 1579 1575 epistolae
1611 1490 1789 1573 quatuor.

156 1598 205 1666 CI.
229 1620 310 1688 quae
332 1595 373 1667 ad
394 1608 450 1666 art
471 1595 557 1665 LXII
584 1598 771 1664 notavimus.

244 1710 359 1780 LXIX.
381 1714 562 1807 Reponse
583 1734 657 1780 aux
672 1710 902 1802 objections,
925 1734 1000 1803 que
1020 1709 1186 1779 l’auteur
1201 1709 1360 1780 dulivre
1382 1709 1484 1779 dela
1506 1711 1791 1779 connoissancc

154 1827 202 1896 de
232 1826 450 1897 soi-mima
479 1830 634 1895 alaites
663 1835 799 1893 contre
826 1825 861 1893 13
890 1829 1062 1916 systeme
1089 1825 1134 1893 de
1161 1824 1384 1894 I'harmonic
1412 1824 1635 1920 prestablie.
1681 1826 1789 1910 Quam

154 1944 390 2035 responsionem
404 1942 491 2011 Patri
505 1941 616 2008 Lamio
632 1940 737 2007 datam
752 1938 942 2009 Ludovicius
963 1953 997 2009 et
1016 1919 1093 2035 post
1109 1966 1182 2009 eum
1196 1941 1371 2009 Dutensius
1391 1945 1528 2034 primum
1542 1938 1703 2031 vulgatam
1716 1964 1790 2008 esse

154 2056 348 2126 contendunt
367 2059 401 2125 in
420 2057 536 2125 Diariis
557 2056 723 2125 doctorum
745 2055 907 2125 Gallorum
928 2059 1047 2145 (Ioum.
1069 2057 1125 2126 des
1146 2057 1280 2144 Savans)
1300 2059 1417 2124 mensis
1439 2055 1511 2147 Maj.
1525 2054 1711 2136 IIIDCCIX3
1732 2054 1790 2123 sed

154 2174 332 2240 accuratius
351 2169 442 2239 locus
462 2170 616 2240 indicatur
642 2174 675 2240 in
701 2169 804 2240 indice
830 2195 963 2263 operum
984 2169 1265 2255 Leibnitianorum,
1292 2195 1388 2263 quem
1417 2195 1481 2240 una
1507 2195 1583 2240 cum
1609 2173 1674 2239 vita
1692 2169 1788 2239 Leib-

153 2289 220 2356 nitii
252 2310 272 2354 a
299 2286 473 2354 Jaucourto
506 2288 619 2379 scripta
646 2287 864 2355 Theodicaeae
899 2286 998 2355 editor
1024 2286 1337 2370 Amstelodamensis,
1371 2287 1530 2356 secundae
1559 2284 1653 2378 hujus
1683 2288 1790 2379 operis

153 2402 279 2472 editioni
304 2400 423 2493 adjecit.
465 2400 595 2493 Legitur
616 2403 700 2469 enirn
719 2404 752 2469 in
774 2403 942 2470 diariorum
963 2401 1193 2495 supplementis
1216 2405 1288 2471 anni
1308 2403 1481 2474 MDcclx
1502 2425 1603 2472 mens.
1624 2404 1700 2471 Jun.

241 2515 346 2588 LXX.
373 2516 427 2586 Ad
448 2517 822 2587 reverendissimum
843 2517 1002 2586 Patrem
1023 2517 1106 2586 Des
1127 2518 1273 2586 B'osses
1302 2517 1493 2611 epistolae
1515 2518 1624 2588 duae.
1667 2518 1708 2587 V.
1729 2541 1788 2589 un·

151 2643 257 2702 notata
284 2632 324 2699 ad
346 2645 400 2700 art
421 2632 515 2700 LXII.

241 2746 355 2816 LXXI.
384 2748 673 2816 Commentatio
696 2745 740 2815 de
762 2749 887 2814 anima
908 2747 1128 2844 brutorum,
1156 2772 1175 2815 a
1196 2746 1361 2816 Kortholto
1382 2749 1415 2817 in
1437 2746 1620 2817 collectione
1640 2745 1788 2839 epistola-

154 2886 228 2931 rum
249 2865 386 2955 primum
408 2861 559 2945 editaset
580 2886 662 2931 anno
685 2861 857 2946 lllDCCX,
879 2865 986 2931 nescio
1010 2884 1107 2954 quam
1129 2872 1228 2948 recte,
1250 2863 1417 2957 adscripta,
1438 2862 1511 2931 inde
1532 2887 1551 2930 a
1572 2861 1728 2932 Dutensio
1751 2887 1786 2930 e-

155 2977 262 3046 ditioni
282 2979 406 3045 inserta.

241 3090 369 3160 LXXII.
396 3091 574 3184 Epistola
596 3091 642 3158 ad
663 3093 889 3184 Vagnerum
912 3092 957 3161 de
979 3094 1016 3159 vi
1038 3094 1166 3160 activa
1188 3097 1378 3186 corporis,
1406 3093 1452 3161 de
1473 3095 1612 3174 anima,
1634 3093 1678 3161 de
1701 3095 1785 3162 arri-

152 3229 213 3275 ma
234 3189 450 3290 brutorum,
478 3230 560 3275 anno
582 3206 740 3274 lllDCCX
763 3210 936 3299 conscripta
956 3208 1062 3277 itidem
1085 3231 1125 3307 ex
1145 3207 1301 3279 Kortholti
1329 3207 1528 3302 epistolanun
1550 3208 1733 3279 collectione
1753 3213 1787 3279 in

150 3321 300 3390 Dutensii
326 3322 492 3391 editionem
514 3333 647 3415 recepta.
1708 3375 1716 3385 .

164 3502 165 3506 ,
239 3435 380 3506 LXXIII.
402 3437 536 3504 Essais
559 3437 842 3507 deThdodicde
863 3461 931 3506 sur
950 3437 986 3505 la
1005 3438 1123 3508 bonte
1145 3438 1318 3522 deDieu,
1340 3438 1532 3507 lalibertd
1548 3438 1786 3510 del'homme

152 3562 191 3621 ct
210 3551 389 3645 I’origine
418 3552 467 3620 du
493 3552 577 3620 mal.
623 3553 810 3622 Teutandna
836 3553 1037 3622 theodicaeae
1068 3577 1150 3623 anno
1172 3553 1330 3625 lllDCCX
1351 3556 1487 3649 primum
1509 3554 1590 3622 edita
1611 3564 1700 3637 sunt,
1728 3559 1788 3625 etsi

151 3666 250 3735 multo
272 3678 345 3737 ante
367 3679 529 3762 concepta,
548 3672 623 3752 imo,
646 3679 682 3735 ut
703 3693 744 3737 ex
757 3670 887 3762 epistola
900 3669 1036 3761 quadarn
1051 3669 1242 3736 Leibnitiana
1254 3668 1365 3751 elucet,
1380 3693 1463 3738 anuo
1479 3669 1665 3738 MDCCVII
1684 3692 1786 3761 paene

123 3807 126 3816 ·
151 3785 293 3850 conlecta
316 3792 411 3851 erant
450 3784 596 3867 Quorum
618 3783 785 3853 editionem
806 3785 979 3853 secundam
1000 3784 1325 3853 Amstelodamensem
1347 3787 1445 3872 (1747
1469 3789 1586 3871 12mo.)
1607 3787 1706 3853 secuti
1727 3809 1784 3852 sn·

150 3918 223 3962 mus
244 3898 277 3965 in
298 3898 556 3967 transscribendo.
601 3899 775 3968 Dutensius
805 3925 881 3968 suae
909 3889 1034 3970 editioni
1062 3903 1240 3969 versionem
1264 3899 1393 3968 latinam
1421 3923 1440 3966 a
1461 3900 1556 3967 Patre
1577 3901 1647 3968 Des
1666 3902 1786 3968 Bosses

149 4012 263 4078 iactam
277 4013 407 4078 inseruit
421 4036 557 4104 eamque
577 4017 658 4083 inter
672 4038 767 4108 opera
782 4016 963 4109 theologica·
979 4017 1112 4086 exhibet
1144 4019 1186 4085 At
1206 4025 1330 4109 praeter
1348 4013 1435 4082 illam
1458 4036 1554 4104 quam
1571 4017 1637 4105 jam
1659 4017 1785 4107 saepius

150 4127 331 4193 monuimus
346 4127 507 4217 separandi
517 4129 728 4223 philosophica
740 4154 759 4198 a
770 4155 834 4199 non
845 4132 1065 4224 philosophicis
1078 4132 1296 4213 difficultatem,
1311 4127 1409 4195 multa
1419 4138 1507 4195 erant
1519 4153 1600 4219 quae
1613 4129 1697 4197 libris
1713 4129 1783 4222 phi-

148 4239 314 4332 losophicis
329 4243 526 4333 potissimum
540 4244 624 4314 hunc
638 4247 907 4316 adnumerandum
922 4271 993 4314 esse
1006 4248 1181 4316 suaderent.
1227 4247 1350 4336 Quippe
1363 4244 1396 4309 in
1410 4241 1495 4309 nullo
1509 4245 1572 4311 lere
1587 4248 1700 4336 scripto
1718 4256 1784 4312 tam

149 4364 277 4422 strenue
299 4354 375 4422 illud
396 4355 482 4448 quod
503 4381 628 4452 semper
653 4360 760 4430 laudat
786 4365 970 4454 principium
998 4363 1134 4431 melioris
1164 4386 1188 4428 s.
1216 4363 1343 4428 rationis
1373 4359 1552 4428 sufficientis
1580 4359 1723 4441 ventilat,
1749 4363 1782 4430 in

150 4492 213 4559 quo
228 4470 377 4562 principio
392 4471 537 4539 Leibnitii
550 4472 776 4566 philosophiam
791 4480 928 4545 maxima
949 4501 989 4546 ex
1004 4489 1091 4569 parte
1112 4479 1166 4546 uiti
1181 4477 1339 4545 neminem
1360 4475 1450 4556 latet;
1470 4477 1576 4566 itaque
1589 4498 1653 4543 non
1668 4477 1784 4543 mirum

149 4584 234 4674 quod
254 4587 287 4653 in
309 4590 520 4654 controversia
542 4611 616 4655 cum
632 4588 756 4660 Clarlrio
779 4595 894 4684 agitata
916 4593 1010 4660 etiam
1032 4603 1127 4683 atquc
1148 4595 1243 4660 etiam
1265 4590 1479 4659 theodicaeam
1500 4590 1607 4659 laudat
1621 4601 1783 4681 tamquam

148 4697 224 4766 illud
246 4724 326 4793 opus
349 4725 412 4791 quo
435 4701 475 4770 de
495 4702 557 4772 hoc
578 4704 726 4795 principio
749 4711 890 4796 quaestio
913 4705 1055 4776 absoluta
1077 4710 1124 4775 sit
1151 4706 1279 4777 Accedit
1301 4705 1386 4798 quod
1405 4705 1556 4799 huicsipsi
1579 4708 1664 4800 operi
1684 4705 1782 4774 debe-

150 4835 221 4879 mus
244 4815 377 4883 alterum
398 4815 513 4886 librum
535 4820 588 4910 qui
610 4819 790 4887 universum
813 4822 953 4890 Leibnitii
974 4810 1114 4912 systema
1135 4823 1367 4891 accuratissime
1388 4819 1529 4890 delineat.
1560 4821 1687 4890 Etenim
1708 4840 1783 4900 eum

149 4925 301 5020 Princeps
321 4930 484 5024 Eugenius
512 4933 733 5026 explicationes
762 4936 914 5027 quasdam
941 4939 1126 5029 quaesiisset
1152 4937 1367 5006 theodicaeam
1394 4947 1585 5030 spectantes,
1611 4936 1783 5005 Leibnitius

66 5072 72 5088 a
149 5040 417 5136 hlonadologiam,
443 5072 501 5116 seu
525 5050 685 5119 ·Theses·
716 5053 913 5143 conscripsit,
940 5055 1041 5145 iisque
1061 5052 1276 5121 adnotationes
1299 5052 1449 5145 adspersit
1475 5051 1587 5141 quibus
1608 5049 1669 5117 Ioci
1690 5050 1781 5118 theo-

149 5155 276 5227 dicaeae
303 5158 484 5254 allegantur.
539 5165 651 5251 Quum
681 5167 788 5259 itaque
815 5169 1017 5258 gravissimus
1042 5168 1185 5237 Leibnitii
1210 5166 1332 5236 libellus
1357 5164 1587 5261 philosophicus
1619 5174 1782 5257 tamquam
