3706 5828
558 346 623 405 xn.
655 346 1214 414 uernasuuuraueuamaua.
1290 335 1295 346 '
1555 296 1558 301 ’
1660 349 1705 417 85

109 479 247 553 Fquidan
265 483 441 540 temer-arima
459 487 530 543 toret
547 488 708 561 promittere
727 491 861 565 oprimis
912 491 987 548 neris
1000 492 1122 569 humani,
1143 496 1277 552 fruetus
1300 511 1409 572 quoque
1429 499 1498 555 artis
1517 499 1598 556 unius
1617 501 1706 572 major

63 568 287 643 aggressonibm
311 577 479 645 postremam
504 579 598 633 mulae
626 578 694 633 artis
718 580 869 653 persentio-¹
912 581 1051 638 sentietur.

63 673 142 729 uem,
156 673 229 731 quae
241 666 344 717 eroeoet
361 677 425 718 eum
443 661 504 735 ipsa
523 664 666 721 bominum
679 668 860 743 experientia,
956 669 1071 727 Interim
1084 670 1135 726 hoe
1149 687 1345 746 oonsequemur
1366 677 1398 729 ut
1417 690 1524 748 semper
1536 681 1634 733 eerta
1651 695 1705 735 se·

62 749 151 820 prout
164 746 243 822 (ιμ’
253 748 304 805 bae
317 753 377 806 arte
390 749 605 826 mauudueente)
619 754 699 827 plura
712 773 820 830 semper
832 762 861 815 et
912 757 965 815 rie
985 758 1150 831 progredi
1172 760 1349 816 valeamus
1373 767 1508 833 quantum
1526 764 1557 820 in
1570 769 1706 839 potestate

62 835 178 908 potiora
201 836 290 893 Data
318 843 456 895 eruentur.
505 841 743 906 Quemadmodum
767 849 860 902 tamen
912 849 962 920 est,
978 851 1015 918 et,
1030 847 1105 920 quod
1119 848 1248 903 baeteuru
1261 848 1376 904 minime
1390 851 1492 907 laetum
1504 856 1555 926 eat,
1570 870 1608 908 ex
1621 854 1702 929 datis,

62 923 140 998 apud
153 923 395 1000 sumserunt,
415 926 464 1001 qui
483 929 589 1003 aliquot
600 932 785 989 rlraraoterum
799 935 862 991 mil·
884 928 887 977 l
911 934 1041 1008 quioquid
1055 935 1114 991 lieri
1128 941 1227 1009 potest,
1242 937 1389 1010 elicientem,
1402 939 1534 995 thesauris
1541 940 1603 1009 jam
1613 960 1704 1016 repesa

63 980 948 1113 ammriaeumpotisimasenbemposeoeeretsltie
973 1023 1129 1080 auena
1155 1024 1703 1102 mamamaaqunraae

64 1100 155 1173 magis
168 1103 317 1159 reeonditis
327 1105 370 1160 vel
383 1105 482 1177 eoique
495 1106 607 1180 poprie
620 1109 727 1184 artifici,
744 1112 787 1167 vel
802 1128 861 1168 ma·
885 1134 887 1159 ι
911 1111 1106 1185 perlectionem
1116 1114 1224 1187 mentis,
1239 1118 1377 1172 utamur
1391 1120 1424 1173 et
1437 1118 1603 1192 fruamur,
1617 1132 1703 1193 quau·

59 1189 120 1258 ieri
134 1189 270 1263 bhgistro
282 1193 404 1266 senatis,
426 1193 467 1249 ita
486 1194 530 1250 bie
548 1211 663 1270 quoque,
681 1201 860 1272 proportione
911 1204 972 1256 tum
986 1202 1028 1257 ias
1041 1205 1092 1258 est

60 1294 257 1353 progressuum
270 1280 330 1338 sive
342 1281 462 1338 bominis
474 1282 614 1361 enjusque,
634 1286 693 1343 sive
711 1287 796 1345 totius
814 1307 860 1364 ge
927 1339 931 1349 .

701 1537 1068 1548 ——--—------

829 1773 935 1865 Xll.

740 1951 1031 2027 1N1T1A

433 2119 839 2241 SCIENTIAE
895 2121 1331 2245 GENERALIS

62 2338 115 2393 OE
132 2328 237 2395 NOVA
256 2339 421 2398 RATIONE
438 2340 747 2399 INSPAURATIONIS
766 2343 816 2399 ET
835 2343 1164 2400 AUGMENTATIONIS
1183 2345 1448 2418 semiermibus,
1468 2345 1533 2417 lTA
1554 2346 1605 2402 U'l'
1623 2347 1702 2405 1⁸*er-

106 2427 187 2484 GUO
197 2428 374 2486 TEMPORE
387 2431 437 2487 ET
450 2430 623 2502 NllGOl'lO,
638 2430 672 2486 Sl
685 2430 792 2487 MODO
806 2431 941 2488 VELINT
954 2432 1127 2504 HOMINFS,
1139 2434 1276 2490 MAGNA
1289 2433 1496 2493 Prinassum
1509 2435 1658 2494 Postlla?

488 2519 541 2574 AD
555 2519 776 2575 amorraeis
790 2520 978 2577 HUMANAE
991 2521 1273 2579 INCREMENTUM.

224 2743 265 2801 (1
282 2747 382 2795 rebem
399 2747 613 2797 uersaretur·
633 2747 740 2810 meum,
758 2759 825 2805 quae
846 2750 873 2796 br
889 2748 970 2805 aegla
992 2747 1140 2797 abdomen
1162 2752 1331 2798 nauarerm
1353 2749 1542 2808 nunnius.)

106 2953 271 3012 (lsteaditm
284 2963 413 3030 nagnam
426 2961 534 3032 partem
548 2956 674 3014 miseriae
691 2958 773 3016 uobis
792 2969 857 3015 eon·
906 2958 1148 3016 demonstrandam
1166 2959 1325 3034 veritatem,
1347 2961 1498 3035 poterimus
1519 2965 1612 3018 tamen
1631 2977 1701 3018 sem·

63 3042 180 3117 tingue,
202 3048 251 3099 aut
265 3044 402 3101 felicitatis
423 3046 526 3120 abaese,
547 3062 605 3101 uon
625 3047 731 3103 deseetu
744 3046 855 3120 virium,
907 3065 955 3121 per
969 3047 1156 3104 demonstrare
1170 3049 1395 3122 probabilitatem
1413 3049 1558 3123 majorem,
1577 3067 1614 3105 an
1634 3051 1702 3123 quid

63 3131 114 3187 sed
137 3131 185 3188 vel
207 3133 339 3189 scientiae
362 3133 407 3190 vd
425 3135 518 3192 bonae
536 3134 694 3208 voluntatis,
720 3139 750 3192 et
766 3135 857 3209 ipsam
906 3151 944 3192 ex
963 3135 1070 3192 duobus
1089 3136 1222 3210 oppositis
1241 3138 1345 3194 rationi
1364 3138 1402 3194 sit
1420 3138 1591 3213 probabilius
1611 3142 1640 3194 et
1659 3156 1699 3194 se

63 3219 210 3276 nanum
227 3221 310 3278 uobis
328 3221 421 3279 dem
438 3223 527 3280 solere
545 3223 626 3296 eulpa
650 3228 759 3296 uostra3
784 3229 858 3280 uerte
906 3225 1026 3281 eundum
1040 3224 1200 3298 prudentiae
1213 3226 1321 3299 regulas
1335 3227 1366 3282 iu
1379 3227 1460 3299 praxi
1473 3227 1631 3283 tenendum
1650 3227 1701 3282 At·

63 3308 210 3381 plensque
223 3309 359 3383 veritates,
373 3310 409 3366 ad
420 3311 507 3367 vitam
517 3311 606 3384 utiles,
620 3328 680 3369 mse
693 3312 858 3369 inhumana
907 3328 961 3386 que
980 3313 1020 3369 ita
1039 3319 1142 3371 reetam
1165 3313 1301 3371 rationem
1320 3330 1428 3389 semper
1447 3319 1581 3388 quautrrm
1605 3331 1701 3388 possu-

63 3401 210 3471 potestate,
230 3403 260 3454 et
272 3415 310 3455 ex
322 3398 395 3455 datis
413 3400 472 3457 sive
490 3400 564 3456 notis
577 3404 651 3457 oerta
668 3403 859 3474 eousmntique
908 3418 969 3457 mus
990 3417 1143 3474 sequemur.
1186 3403 1224 3458 Et
1242 3420 1305 3460 eum
1318 3420 1395 3460 seeus
1408 3419 1531 3477 agamus,
1545 3403 1599 3460 erit
1611 3403 1641 3459 id
1655 3403 1700 3460 vel

63 3485 197 3543 mstlmdo
221 3503 303 3560 pomo
321 3477 433 3560 deduci,
457 3488 483 3544 si
506 3489 590 3546 modo
609 3489 734 3547 homiues
754 3490 859 3547 viribus
908 3490 1089 3564 negligentiae
1102 3495 1222 3563 neonae,
1233 3493 1278 3548 vel
1292 3492 1431 3548 interdum
1444 3491 1610 3548 neeessariae
1625 3490 1700 3548 lesti-

63 3575 227 3648 notiti'nque
239 3592 258 3632 a
271 3576 332 3632 Deo
347 3577 490 3650 manassis,
505 3578 654 3634 seeundum
672 3584 763 3636 reetae
775 3579 860 3636 ratio·
908 3578 1016 3635 nationi
1043 3579 1317 3653 distr-actionibusque
1345 3579 1545 3653 imputandum.
1593 3578 1700 3644 Quibus

16 3724 21 3737 ,
64 3664 109 3720 uir
121 3663 293 3738 mstlodum,
307 3664 338 3722 id
350 3670 393 3722 est
405 3666 554 3722 seeundum
567 3672 711 3742 praesepta
729 3667 859 3725 scientiae
909 3672 1002 3724 amen
1020 3672 1085 3741 post
1102 3670 1173 3725 hane
1194 3673 1283 3724 artem
1302 3669 1478 3724 eonstitutam
1502 3666 1590 3723 rarius
1616 3682 1701 3738 quam

63 3751 200 3828 guml'u
213 3753 258 3810 bio
271 3754 397 3828 auditae,
411 3755 453 3810 uti
466 3755 562 3810 velint
908 3760 973 3812 ante
986 3756 1178 3830 ingrediemur,
1199 3757 1264 3828 quia
1279 3757 1367 3813 multo
1387 3755 1521 3830 pontius
1540 3751 1701 3828 r‘aeiliusqne

106 3840 231 3898 Sdmtia
248 3843 382 3915 generalis
400 3843 469 3899 duas
486 3843 609 3900 eontinet
628 3847 727 3916 partes,
742 3857 859 3915 quarum
909 3844 1057 3901 veritatum
1076 3850 1125 3901 aut
1144 3820 1347 3918 probabllitatis
1366 3845 1482 3916 gradum
1500 3843 1608 3915 assequi
1623 3843 1701 3902 dabi-

64 3930 143 4003 prior
155 3931 277 4004 pertinet
289 3933 327 3988 ad
344 3931 572 3988 instaurationem
585 3931 768 4004 scientiarum,
784 3930 859 4000 judi·
908 3937 967 4005 tur,
988 3938 1134 4006 postquam
1153 3932 1344 3990 meditationes
1363 3937 1473 3990 nostrae
1491 3949 1550 3988 non
1567 3949 1632 3988 easu
1651 3933 1701 3989 sed

64 4019 239 4093 numaque
258 4019 294 4077 de
308 4019 371 4090 jam
389 4020 516 4094 inventis,
536 4037 573 4077 ue
592 4019 766 4092 praejudiciis
787 4020 859 4076 deei-
907 4022 1046 4078 eoustauti
1065 4022 1124 4095 lege
1143 4037 1176 4078 ae
1195 4021 1292 4077 ealeuli
1316 4020 1373 4076 ritu
1398 4021 1553 4094 proealeut
1597 4021 1701 4086 Quanti

64 4109 191 4183 pinum
204 4111 341 4182 posterior
353 4110 506 4167 destinatur
519 4110 555 4166 ad
570 4109 707 4182 augendas
720 4109 858 4182 anienem,
881 4156 884 4184 ,
907 4110 959 4166 hoo
976 4110 1013 4165 sit
1026 4127 1084 4165 nou
1098 4114 1206 4165 tautum
1219 4108 1250 4164 in
1263 4108 1385 4165 scientiis
1398 4110 1446 4166 sed
1460 4114 1490 4166 et
1503 4109 1533 4164 in
1546 4109 1701 4165 eommunis

64 4196 294 4272 iuveniardaqua,
307 4214 378 4273 quae
391 4198 473 4256 uobis
486 4198 593 4255 desunt.
881 4202 884 4269 ῑ
908 4198 983 4254 vitae
1011 4197 1267 4268 deliberationibus,
1298 4197 1475 4254 mauimstum
1503 4201 1560 4270 est,
1590 4198 1702 4269 quando

108 4286 192 4343 Prior
203 4303 270 4360 ergo
288 4286 374 4343 tradit
387 4288 530 4343 Elaneuta
548 4284 681 4358 veritatis,
700 4284 759 4341 sive
777 4288 859 4341 notas
881 4286 884 4359 s
907 4286 1045 4358 utrimque
1059 4286 1318 4359 multamaguaque
1335 4290 1412 4343 stant
1424 4285 1607 4356 inuommoda‚
1628 4303 1702 4359 spes·

63 4375 200 4448 thm
220 4373 438 4450 imlisputabiles,
460 4390 578 4449 quarum
601 4390 655 4449 ope
679 4373 710 4429 in
730 4373 860 4430 omuibus
881 4362 884 4407 ¹
908 4380 1005 4449 quaet
1025 4379 1122 4446 metm,
1143 4390 1214 4446 quae
1232 4374 1358 4431 velutin
1376 4379 1479 4431 statera
1497 4373 1652 4447 expendere
1671 4375 1702 4430 in

65 4462 191 4520 unteriis
203 4463 300 4521 lnberi
312 4467 428 4538 pooeunt
445 4463 692 4520 demonstrationes
710 4462 858 4534 evidentes,
881 4416 884 4521 l
908 4466 979 4522 buna
993 4479 1079 4536 usque
1091 4463 1166 4519 diem
1180 4462 1274 4520 doeuit
1291 4479 1382 4519 nemo
1426 4463 1497 4520 Gum
1515 4467 1609 4518 tamen
1624 4463 1703 4519 iacile

65 4551 269 4609 rumim
287 4568 376 4626 pares,
390 4568 507 4626 quarum
525 4552 662 4609 uertitudo
680 4551 756 4608 velut
774 4565 859 4608 mauu
909 4552 1017 4610 ostendi
1035 4556 1126 4625 queat,
1147 4567 1243 4608 omues
1261 4568 1367 4609 errores
1386 4551 1523 4608 humanae
1541 4551 1703 4625 prudentiae

65 4641 152 4715 trud,
165 4640 307 4714 omlbque
318 4641 445 4716 usurpmi
458 4642 553 4715 possit,
573 4640 615 4697 ita
632 4644 665 4697 ut
683 4656 766 4697 omne
779 4656 860 4713 argu·
909 4640 1036 4698 vitabiles
1050 4641 1087 4698 ab
1099 4638 1181 4711 bru'us
1194 4639 1324 4698 seieufiae
1334 4640 1506 4714 ignoratione
1520 4640 1565 4696 vel
1578 4640 1702 4713 neglectu

65 4728 330 4804 mnumlegitima
347 4732 438 4787 torma
455 4729 584 4804 prooedat
602 4729 745 4788 adinstar
762 4728 860 4787 ealeuli
882 4720 885 4775 l
910 4729 1052 4805 proticisci.
1149 4737 1154 4746 ⁴

65 4833 254 4892 mermu,
269 4816 337 4875 etii
354 4819 417 4893 quis
431 4834 508 4876 error
527 4818 673 4894 subrepsit,
693 4835 751 4875 nou
765 4817 857 4875 diffiei-
883 4788 886 4881 l
953 4819 1022 4876 Pars
1035 4817 1122 4874 alta-a
1134 4822 1177 4874 est
1193 4817 1259 4874 Ars
1278 4816 1493 4889 inveniendi,
1513 4831 1572 4872 nou
1590 4815 1703 4887 quidem

65 4906 303 4982 lbdqmbmdi
320 4907 666 4983 aliisquoostendipomit,
686 4922 861 4981 quamerror
883 4890 886 4925 ¹
910 4903 1702 4988 utmprioreparmubumpmpositiovelratioeinatio

65 4995 258 5054 nhlieolet-
278 4996 859 5072 Qualiionuaargumentaudiiutrudmta,
885 5060 887 5065 ,
911 4991 1703 5070 oblatasitveraeodquodestdilbeilimualisipsa

67 5072 272 5143 mrumst-e
283 5084 316 5141 iu
328 5086 518 5149 mbneimudo
531 5103 590 5143 uou
608 5090 721 5160 possuit
732 5101 792 5143 non
804 5101 862 5142 om·
911 5085 950 5142 sit
969 5084 1128 5158 lorumuda,
1146 5101 1200 5144 serr
1213 5083 1353 5157 quomodo
1371 5081 1472 5140 resolvi
1490 5080 1577 5154 possit
1590 5080 1703 5154 aliquod

67 5189 135 5234 na
179 5173 862 5242 Quaadoautumuonsuutsuffleientiadataad
913 5174 1065 5250 problema,
1089 5173 1164 5250 quod
1188 5173 1312 5232 eonfiuet
1336 5169 1552 5248 propositiouan
1576 5168 1702 5246 bupalo
