3706 5828
545 302 578 356 V.
605 300 656 357 DE
673 299 777 357 stilio
797 300 1059 359 PlllliOSOPlllOO
1078 300 1224 360 NIZOLII.
1656 296 1699 365 61

65 439 137 495 dieis
149 445 286 512 quatenns
300 440 365 497 talis
378 445 429 514 est,
444 442 534 514 qualis
547 459 607 498 esse
620 442 728 515 dicitnr,
743 443 796 498 erit
811 442 861 516 igi-
911 443 1033 516 iacimus,
1047 442 1108 512 jam
1126 447 1198 500 laota
1212 444 1258 517 sit,
1275 445 1312 501 ad
1327 461 1395 518 qaas
1411 447 1591 519 ιιιιιίιιὶιιιιιι)
1607 452 1701 507 tamen

66 540 111 584 tur
125 528 246 585 hoocitas
265 530 337 586 ratio
351 546 400 586 eur
417 530 523 602 aliquid
536 531 642 587 dicatur
655 531 707 587 boe
726 531 781 600 (uti
795 546 861 603 qua·
911 531 1070 587 obrueretm
1086 533 1233 605 memoria,
1255 549 1364 590 neeesse
1386 535 1470 607 igitur
1491 537 1545 592 tuit
1565 537 1701 595 technieos

66 618 174 673 litatem
189 618 286 674 definit
306 618 535 691 Aristoteles,
558 636 576 675 a
597 636 651 693 qua
664 619 781 676 dicimur
794 636 861 692 qua·
911 620 1043 675 tenninos
1058 637 1153 677 earum
1169 637 1262 676 rerum
1277 623 1441 696 excogitare,
1458 624 1558 696 quibus
1574 627 1699 701 populus,
1807 617 1808 621 ¹

65 705 119 776 les)
137 706 181 762 vel
196 706 314 779 qualitas
329 706 410 777 hrrjus
424 712 558 779 qmtenus
571 708 623 764 hoe
644 713 694 764 ost.
738 708 796 765 Nee
809 708 860 763 mi·
911 708 954 763 vel
970 708 1036 781 quia
1052 726 1109 764 non
1125 710 1329 793 animaduertit,
1351 716 1383 767 ut
1404 713 1518 768 lineam
1540 714 1700 777 Quadratri·

64 811 129 851 rum
143 799 186 851 est
204 796 344 852 abstracta
363 795 470 851 definiri
489 813 539 870 per
557 802 691 871 connata,
712 797 778 870 quia
796 813 860 854 oon-
909 813 983 870 oem,
1005 796 1049 852 vel
1071 797 1136 870 quia
1152 814 1215 854 raro
1230 798 1330 871 utitur,
1347 804 1379 854 ιιι
1393 797 1552 873 Hyperbola
1572 808 1601 858 et
1617 804 1701 860 Para-

64 888 142 940 creta
156 888 220 939 sunt
234 885 354 941 notiora.
398 885 447 940 Sin
468 901 535 942 vero
555 902 612 941 non
625 901 683 941 uox
696 886 745 942 sod
759 885 860 958 signiti-
909 886 984 958 bola,
1013 885 1160 958 peculiaria
1186 887 1301 943 nomina
1328 905 1385 943 non
1410 889 1550 962 imposuit,
1577 893 1700 948 sufficere

64 972 139 1027 catio
153 973 191 1027 sit
204 989 286 1046 nora,
301 973 496 1029 attendendum
510 978 561 1048 cst,
577 978 638 1030 tum
651 990 687 1030 an
698 972 859 1047 signifieatio
909 975 1030 1047 credens,
1054 974 1079 1029 si
1099 976 1169 1030 sorte
1190 976 1301 1031 tandem
1323 977 1472 1049 aliquando
1488 995 1552 1034 uass
1567 985 1699 1054 posceret,

63 1061 270 1133 quodammodo
289 1068 422 1135 congruat
441 1062 511 1136 voci,
534 1063 563 1118 id
583 1067 625 1119 est
645 1079 697 1135 ope
717 1068 859 1136 troporum
909 1063 1158 1136 circumscriptione
1173 1064 1323 1137 designare.
1350 1067 1387 1120 Et
1401 1066 1512 1137 quidem
1528 1067 1699 1125 verisimum

63 1149 109 1205 rel
130 1165 167 1206 en
186 1167 238 1205 usu
258 1149 317 1219 ejus
337 1150 491 1223 communi,
513 1152 557 1208 vel
577 1152 676 1207 saltem
695 1168 732 1208 ex
753 1152 859 1224 origine
909 1156 959 1224 est,
977 1152 1082 1207 nullam
1097 1167 1156 1208 rem
1172 1169 1240 1226 esse,
1263 1169 1334 1225 quae
1350 1170 1406 1210 non
1423 1155 1554 1228 explicari
1575 1157 1699 1211 terminis
1745 1164 1751 1173 ’

62 1238 162 1294 deduci
176 1239 276 1312 possit,
293 1244 353 1294 tum
367 1256 404 1295 an
418 1240 580 1295 nonhaberi
595 1240 780 1312 potueritrox
794 1256 859 1297 eon·
908 1240 1087 1313 popularibus
1113 1240 1211 1297 saltem
1233 1242 1356 1315 pluribus
1381 1242 1475 1316 possit.
1520 1244 1601 1299 Unde
1627 1234 1700 1301 reete

62 1327 222 1400 groentior!
246 1328 387 1401 Exemplis
408 1327 502 1384 onmia
528 1329 692 1384 illustranda
711 1332 808 1400 essent,
834 1328 859 1384 si
909 1328 1074 1384 Ninolius
1094 1335 1188 1387 noster
1203 1331 1305 1402 passim
1322 1334 1409 1403 urget,
1427 1330 1456 1386 id
1473 1349 1524 1404 pro
1539 1333 1625 1405 nullo,
1647 1350 1699 1406 pro

61 1419 135 1471 esset
160 1416 280 1471 instituti
312 1417 366 1473 mei
392 1417 518 1491 persequi
550 1417 637 1490 magis
663 1417 744 1492 talia,
775 1434 859 1489 quam
908 1417 1106 1490 eonnnentitio,
1124 1423 1152 1474 et
1168 1419 1270 1490 inutili,
1282 1419 1438 1475 habendum
1454 1437 1521 1494 cmc,
1539 1420 1583 1477 eui
1595 1437 1653 1477 ιιοιι
1667 1421 1700 1478 in

62 1520 188 1562 tuonerc.
909 1507 1002 1579 lingua
1020 1507 1159 1562 communi
1181 1507 1272 1578 aliqua
1293 1523 1350 1563 vox
1371 1508 1470 1563 saltem
1490 1510 1632 1581 massalis,
1656 1510 1699 1580 (cd

108 1594 150 1649 X
173 1595 261 1651 Porro
276 1593 552 1673 termrnntceluiieis,
573 1597 605 1649 ιιι
623 1593 692 1668 dixi,
714 1594 796 1671 plano
815 1610 859 1651 aa·
908 1600 958 1666 est,
976 1599 1007 1650 nt
1023 1612 1074 1666 ego
1091 1595 1262 1667 interpretor,
1279 1611 1349 1668 quae
1372 1612 1434 1651 cum
1456 1597 1518 1652 aliis
1541 1598 1637 1653 itidem
1654 1616 1699 1671 ge·

62 1683 191 1755 rentium,
212 1684 249 1757 ab
266 1683 356 1765 iisque
375 1683 526 1761 cavendum
544 1688 595 1755 ost,
616 1682 708 1754 quoad
727 1682 786 1751 ejus
800 1672 857 1738 fieri
907 1684 1047 1739 uenatibus
1059 1682 1157 1752 juncta
1171 1683 1314 1756 speciatim
1336 1686 1448 1740 nudem
1464 1702 1526 1744 rem
1545 1687 1699 1759 exprimere

62 1777 162 1844 potoet,
180 1772 238 1827 lieri
252 1776 344 1827 autem
367 1788 474 1844 semper
493 1788 551 1827 non
570 1776 669 1845 potest,
689 1771 857 1845 prolixitatis
907 1768 1006 1848 possit)
1022 1776 1059 1827 ιιι
1074 1772 1211 1845 imposita.
1298 1797 1302 1807 ·

61 1877 155 1933 cansa,
170 1876 242 1932 quae
256 1859 361 1915 oritura
374 1865 452 1931 esset,
473 1860 497 1915 si
517 1861 649 1916 utendum
669 1866 738 1915 osset
751 1877 858 1933 seniper
951 1861 1003 1916 Xl.
1025 1860 1097 1917 Nam
1114 1860 1267 1934 philosophi
1285 1861 1400 1935 plebeiis
1422 1878 1479 1917 non
1495 1878 1603 1936 semper
1618 1862 1648 1918 in
1663 1879 1698 1919 eo

62 1948 207 2005 vocabulis
221 1949 406 2021 popularibus.
440 1948 513 2004 Nam
526 1949 647 2021 exempli
667 1964 764 2004 causa:
784 1950 857 2013 Qua·
908 1953 1056 2023 praestant,
1079 1950 1154 2022 quod
1175 1949 1244 2005 alias
1264 1967 1308 2007 res
1328 1950 1463 2024 sentiant,
1485 1952 1531 2007 sed
1548 1951 1623 2023 qnod
1638 1968 1699 2008 sen·

62 2039 174 2093 (hatum
188 2042 230 2092 est
248 2037 470 2110 quadrilaterum,
493 2038 697 2109 aequilaterum,
718 2041 857 2109 rectangu·
908 2038 978 2093 tiant
1000 2037 1056 2094 alio
1077 2038 1170 2112 modo,
1194 2039 1224 2093 id
1246 2043 1286 2094 est
1302 2040 1382 2095 oculo
1398 2040 1511 2113 mentis,
1534 2045 1563 2095 et
1578 2057 1640 2096 eum
1656 2057 1699 2115 re·

60 2127 136 2197 lum,
151 2127 199 2181 scd
213 2125 383 2198 aequilateri,
399 2125 576 2198 quadrilateri
595 2132 624 2181 ct
637 2125 787 2198 rectanguli
800 2141 857 2180 vox
907 2127 1026 2205 fissione
1041 2143 1089 2182 seu
1105 2127 1272 2199 attentione,
1296 2133 1324 2183 et
1350 2144 1442 2183 rerum
1457 2145 1520 2185 cum
1541 2129 1604 2184 aliis
1624 2145 1698 2185 oom-

63 2211 108 2291 (ut
124 2215 240 2287 planum
256 2208 437 2290 praeteream)
454 2231 546 2270 rursus
562 2226 604 2270 est
620 2210 750 2286 tcclmica,
773 2214 857 2270 resol-
906 2215 1062 2288 paratione,
1089 2216 1206 2271 attentio
1233 2221 1326 2272 autem
1352 2217 1495 2273 hominum
1516 2218 1553 2274 ad
1576 2218 1698 2289 aliquam

60 2302 257 2375 subrigitur:
280 2302 478 2374 aequilaterum
494 2307 535 2358 est
556 2302 633 2371 cujus
655 2302 750 2358 onmia
770 2303 857 2358 latera
906 2320 964 2359 rem
982 2320 1038 2359 non
1055 2303 1145 2376 potuit
1168 2304 1265 2360 mebus
1280 2306 1409 2378 excitari,
1428 2322 1512 2378 quam
1527 2310 1602 2361 oerto
1619 2322 1698 2361 roca·

61 2398 126 2447 srrnt
143 2391 278 2464 aequalia,
296 2391 509 2463 quadrilaterum
524 2397 566 2447 est
579 2391 657 2460 errius
667 2396 776 2447 tantum
791 2407 857 2464 qua·
907 2394 973 2449 bulo
995 2392 1140 2466 imposito,
1169 2393 1242 2465 quod
1264 2398 1330 2448 notra
1356 2399 1427 2450 esset
1453 2394 1602 2449 memoriae
1629 2393 1697 2449 mihi

61 2488 125 2537 tuor
141 2484 207 2534 sum
223 2480 324 2535 latera:
348 2480 420 2535 latus
441 2484 482 2535 est
503 2481 576 2536 linea
598 2480 758 2536 terminans.
803 2481 855 2535 Re
906 2482 968 2554 ipsi,
984 2482 1091 2553 signum
1104 2481 1202 2549 judicii
1218 2498 1282 2554 erga
1297 2482 1374 2537 alios.
1408 2483 1450 2537 De
1466 2487 1573 2538 caetero
1589 2487 1697 2537 tantum

62 2569 223 2641 etaugulnm
238 2573 289 2640 est,
311 2567 389 2637 cujus
406 2585 502 2624 omnes
517 2568 611 2641 anguli
626 2574 689 2625 srmt
706 2570 782 2642 recti,
807 2586 855 2624 an·
906 2570 991 2642 abest,
1009 2576 1041 2625 ιιι
1056 2569 1213 2643 Philosophi
1233 2587 1277 2626 res
1299 2570 1479 2626 abstrusiores
1499 2574 1527 2625 et
1548 2570 1697 2649 nobiliores

61 2659 142 2732 gulis
157 2662 201 2712 est
215 2673 361 2712 concursus
378 2656 521 2729 linearum,
543 2663 632 2713 rectus
648 2656 753 2729 estqui
769 2657 855 2713 utrin-
906 2658 1034 2731 sentiant,
1057 2674 1140 2731 quam
1161 2659 1285 2713 homines
1305 2659 1414 2730 caeteri,
1437 2664 1468 2714 ut
1483 2658 1575 2732 potius
1590 2663 1695 2732 eontra,

61 2763 114 2819 que
130 2746 254 2819 aequalis
273 2750 325 2801 ost.
370 2746 487 2818 Ergo
465 2765 489 2801 sr
512 2746 636 2802 terminis
657 2746 791 2801 teelmieis
806 2746 855 2802 ab·
905 2752 1054 2819 antequam
1074 2746 1302 2848 incomparabilis
1329 2747 1565 2821 Verulamius,
1595 2747 1698 2819 aliique

61 2836 221 2892 stinendum
237 2838 288 2908 est,
305 2851 357 2907 pro
368 2835 501 2899 Quachati
517 2851 584 2890 vooe
599 2834 769 2891 adhibendae
784 2851 855 2891 sem·
905 2836 1036 2910 praeclari
1053 2835 1105 2891 vui
1123 2835 1321 2936 philosopham
1337 2852 1374 2891 ex
1389 2836 1461 2891 airis
1476 2835 1697 2923 (impuberibus

61 2942 110 2998 per
125 2927 217 2980 ment
233 2925 285 2979 hae
300 2939 380 2979 voees
395 2925 492 2978 simul:
515 2923 545 2979 id
561 2923 639 2993 cap'us
655 2940 750 2979 onmes
766 2924 855 2979 lineae
905 2924 1054 2981 autetiam
1120 2924 1159 2979 tio
1182 2941 1238 2978 ιιιιι
1267 2940 1345 2979 nano
1377 2941 1403 2979 a(
1441 2941 1545 2995 nam
1548 2925 1634 3003 hane
1646 2940 1696 2979 no·

60 3013 242 3069 termimntes
257 3016 322 3066 sunt
337 3013 473 3085 aequales,
489 3017 518 3067 et
532 3012 609 3082 eujus
619 3016 728 3067 tantum
737 3018 855 3084 quatuor
904 2940 1493 3089 afflat
1429 3029 1510 3086 saepo
1532 2991 1634 3069 einitlo
1646 2998 1696 3068 ali·

59 3106 124 3157 arnt
140 3101 231 3156 lirrcae
247 3100 432 3173 tenuamus,
449 3105 477 3156 et
493 3117 589 3156 omnes
604 3117 750 3157 concursus
766 3101 854 3157 luceae
905 3102 965 3175 quis
981 3082 1143 3157 ticlimista
1167 3079 1322 3157 solidiores
1331 3106 1360 3157 et
1365 3054 1573 3175 praeclariores
1599 3101 1634 3157 de
1653 3113 1767 3199 req,

60 3189 237 3246 terminantis
258 3190 295 3245 ad
321 3189 422 3245 lineam
446 3190 639 3245 terminantem
659 3189 787 3261 utrinque
809 3206 854 3245 ae·
904 3207 966 3246 rum
982 3196 1081 3246 natura
1096 3189 1352 3262 comprehensiones
1375 3190 1509 3262 habuerit,
1532 3206 1616 3262 quam
1636 3113 1767 3262 phi-U

58 3279 166 3351 quales.
216 3277 253 3332 Et
279 3282 388 3350 tarnen,
416 3277 440 3332 si
465 3278 613 3350 rigorosius
639 3278 776 3350 agendum
802 3282 852 3350 est,
903 3278 1071 3353 losophaster
1088 3278 1233 3351 quispiam,
1249 3277 1352 3351 (neque
1368 3279 1443 3336 enim
1465 3293 1597 3351 negamus
1611 3230 1705 3354 etiaml

58 3367 161 3440 οιιιιιι,
184 3370 214 3421 et
230 3366 332 3439 haeae,
356 3371 384 3423 et
400 3366 520 3438 termium
542 3371 571 3421 et
585 3382 740 3447 concursus,
764 3371 792 3422 et
809 3383 853 3422 ιο-
903 3369 976 3424 inter
991 3367 1178 3440 Philosophos,
1196 3384 1243 3423 eos
1259 3367 1428 3440 praesertim,
1446 3367 1493 3438 qui
1508 3383 1545 3423 ex
1560 3367 1695 3423 Aristo·

10 3456 13 3485 ³
56 3454 204 3528 qmlitatis
218 3455 352 3512 voeabula
368 3459 458 3510 essem
473 3455 586 3510 ulterius
601 3440 770 3528 resoluenda,
786 3471 853 3510 nam
903 3457 984 3513 telis
1005 3462 1033 3513 et
1056 3459 1179 3512 veterum
1208 3455 1330 3512 lontibus
1352 3456 1456 3530 potius,
1478 3471 1561 3527 quam
1589 3455 1695 3510 lacunis

57 3550 91 3600 ut
110 3544 145 3599 in
165 3559 218 3599 risu
239 3548 313 3617 srmt,
336 3548 431 3599 exacte
446 3544 656 3599 Geometrarnm
677 3544 852 3616 conceptibus
902 3544 1123 3601 scholasticorum
1144 3560 1194 3599 sua
1216 3543 1379 3617 hauserunt,
1402 3543 1477 3598 siros
1499 3543 1587 3599 solide
1608 3547 1636 3597 et
1657 3542 1694 3598 ad

58 3649 116 3689 aon
140 3632 292 3705 quadrant,
314 3632 545 3703 quemadmodum
566 3649 616 3688 nce
637 3648 694 3688 ιοιι
716 3632 850 3704 quachab,
902 3650 983 3690 usum
999 3634 1094 3689 doctos
1109 3633 1263 3707 complures
1279 3628 1458 3706 superfuisse)
1479 3630 1553 3686 intra
1575 3630 1694 3686 claustra

57 3736 130 3794 quse
146 3724 209 3776 tum
224 3721 330 3794 origine
346 3727 405 3776 tum
421 3737 471 3776 usu
487 3721 627 3776 communi
650 3721 726 3777 omni
747 3720 852 3793 qradri·
902 3722 1010 3778 solis
989 3741 1047 3779 sne
1067 3721 1289 3799 haeooeitatibps,
1312 3721 1369 3776 siue
1390 3717 1599 3787 booeitatibus
1590 3734 1695 3775 mcum·
1684 3700 1777 3821 607

58 3810 148 3866 latero
163 3809 252 3867 tribui
266 3813 365 3883 potest,
382 3824 467 3881 quum
483 3811 661 3865 Geometrae
667 3827 717 3882 per
736 3814 852 3865 antono·
902 3811 978 3867 bens.
1023 3810 1179 3883 Philosophi
1201 3809 1285 3883 igitur
1307 3825 1387 3882 saepe
1408 3824 1467 3863 non
1487 3807 1618 3878 annunt,
1640 3805 1694 3865 nisi

57 3899 176 3953 unsiam
197 3897 251 3954 soli
272 3898 395 3953 tribuant
415 3898 582 3969 aequilatero
602 3898 770 3971 metaugulo,
792 3902 853 3953 tan·
902 3916 972 3973 quae
998 3903 1027 3955 οι
1047 3899 1096 3954 aiii
1118 3915 1233 3971 sensere,
1262 3899 1384 3954 sentiunt
1409 3901 1502 3951 tamen
1521 3911 1585 3951 eum
1606 3899 1695 3953 atten-

56 4002 144 4059 qusm
164 3986 377 4059 mestissimo,
399 4003 484 4058 quarn
499 4003 564 4042 vero
580 3986 743 4060 molestum,
767 4002 852 4058 quam
903 3988 988 4061 tione,
1006 4003 1077 4059 quae
1090 3987 1138 4043 alii
1152 3988 1303 4060 neglexere.
1347 3984 1695 4041 ltaloacbimnslun·
1724 3998 1808 4068 qm

57 4075 185 4149 ineptum
201 4077 322 4131 tutmum
337 4076 375 4130 sit
389 4075 419 4130 iu
439 4075 578 4147 loquendo
594 4080 623 4130 et
638 4075 852 4131 clemonstrando
902 4075 977 4151 gius
987 4075 1211 4148 Hamburgensis,
1226 4075 1270 4130 vir
1283 4091 1347 4130 vere
1362 4074 1547 4147 philosophus,
1562 4072 1695 4145 plurimas

56 4181 110 4237 pro
132 4163 268 4229 Quaclmti
295 4180 361 4219 voce
383 4168 427 4219 tot
447 4180 554 4236 semper
581 4163 644 4218 aliis
666 4163 781 4219 vocibus
800 4163 850 4236 uti,
902 4162 1068 4220 insectorum
1092 4163 1196 4236 qrmies
1217 4162 1310 4218 multis
1329 4163 1401 4219 haud
1427 4161 1511 4218 dubie
1531 4162 1694 4218 mortalibus

56 4252 140 4309 aedo
157 4252 242 4308 etiam
257 4267 368 4307 meeum
383 4251 485 4324 videre,
507 4251 572 4308 addi
589 4256 714 4325 possunt,
735 4266 806 4323 quae
821 4252 852 4307 in
902 4254 983 4325 visas,
1003 4254 1052 4309 sed
1068 4253 1105 4308 ab
1126 4250 1254 4308 onmibus
1267 4251 1397 4306 imotenus
1411 4249 1572 4324 praeteritas
1581 4255 1611 4306 et
1624 4250 1694 4323 pede

56 4346 118 4397 arte
132 4340 336 4397 oombinatoria
351 4340 453 4413 passim
469 4340 537 4395 (lixi.
581 4341 754 4413 Quamquam
769 4340 853 4414 igitur
902 4342 1032 4414 (ιΙιιιιι,
1055 4339 1224 4412 obserravit,
1244 4339 1362 4412 collegit,
1383 4339 1502 4412 (ligarat,
1524 4338 1695 4414 comlmravit

57 4429 118 4485 ist‘·
151 4429 364 4486 resolutionibus
397 4428 577 4489 terminorum
604 4429 789 4486 tedrniomum
821 4429 852 4484 in
902 4431 974 4486 inter
998 4447 1036 4501 sc,
1062 4432 1091 4485 et
1110 4445 1146 4484 eu
1166 4428 1215 4483 illa
1241 4428 1446 4500 oompamtione
1470 4427 1585 4483 nomina
1610 4427 1695 4483 etiam

55 4534 132 4575 mue
147 4518 295 4591 populares
320 4517 484 4574 solidaretur
496 4517 648 4590 judicium,
671 4519 744 4574 nude
766 4518 851 4574 etiarn
876 4584 878 4595 Ι
901 4535 975 4576 nova
1001 4517 1141 4591 imposuit„
1183 4515 1268 4585 Cujus
1291 4516 1358 4572 haee
1384 4521 1413 4572 et
1439 4515 1496 4571 alia
1521 4515 1653 4572 meclitata
1675 4532 1694 4571 a

56 4606 87 4663 in
106 4607 230 4680 paeon
251 4605 485 4663 demonstratione
510 4605 580 4662 nihil
600 4608 632 4662 tit
654 4607 743 4679 aliud,
766 4622 852 4679 quum
901 4606 1059 4665 Clarissimo
1075 4605 1219 4679 Vogelio
1240 4621 1324 4678 quam
1345 4605 1467 4677 pmmum
1483 4620 1624 4679 ιροιιιιιιιι
1636 4603 1693 4659 edi-

55 4694 120 4752 tslis
134 4695 168 4752 in
183 4695 283 4751 ultima
302 4699 333 4752 et
351 4694 497 4751 notissima
511 4695 651 4768 resolutio,
672 4694 789 4765 subjecti
810 4698 852 4754 ni·
902 4700 962 4752 tum
984 4695 1030 4753 iri.
1074 4694 1278 4766 Nonnunquam
1305 4699 1397 4749 tamen
1420 4695 1508 4749 fateor
1528 4697 1557 4748 et
1574 4690 1693 4765 philoso-

174 4788 205 4841 ιι
220 4782 368 4857 praedieati
385 4783 416 4838 in
430 4783 611 4857 definitiones,
627 4788 657 4840 et
671 4785 852 4841 terminorum
902 4784 949 4859 phi
964 4784 1086 4840 sentiunt
1098 4799 1214 4857 corpora
1227 4787 1276 4841 ant
1289 4797 1436 4856 corporum
1449 4781 1603 4854 qualitates,
1624 4796 1693 4852 quas

55 4872 245 4930 ‹lebnitionem
265 4871 477 4945 ingredientium
503 4889 596 4929 rursus
617 4872 648 4928 in
668 4873 849 4946 definitiones,
902 4872 950 4929 alii
964 4888 1107 4946 nunquam
1120 4889 1241 4945 sensere,
1261 4871 1302 4927 ita
1316 4870 1430 4927 Uinici
1448 4868 1607 4943 ιιιρίιείιιιο
1619 4885 1693 4924 nova

55 4961 129 5029 (sive
150 4961 244 5018 omnis
266 4976 301 5018 ea
321 4960 453 5017 resolutio
475 4962 523 5017 tint
543 4977 600 5016 uno
621 4962 692 5034 loco,
713 4961 773 5018 sive
788 4962 851 5020 aliis
902 4963 1032 5019 lucterius
1045 4963 1173 5035 ignomta
1186 4976 1301 5034 corpora
1315 4960 1400 5015 variis
1419 4955 1601 5014 mixtionibus
1619 4974 1692 5013 raso·

55 5049 266 5107 definitionibus
281 5054 331 5104 ant
346 5049 628 5106 demonstrationibus
653 5050 762 5122 nostris,
784 5051 852 5107 alte·
902 5049 1105 5124 lenonibusque
1118 5049 1288 5123 producunt,
1309 5048 1385 5104 idem
1398 5047 1429 5102 ht
1447 5045 1692 5119 oompositionibus

55 5138 147 5197 r‘sure
161 5137 313 5213 saiptoris,
329 5136 408 5209 euim
423 5154 503 5196 usum
519 5138 716 5197 vocabulorum
726 5143 851 5201 nostrum
876 5188 879 5202 .
902 5138 1082 5213 Medicorum,
1103 5138 1204 5211 quibos
1221 5137 1307 5195 etiam
1319 5151 1401 5210 saepe
1419 5135 1456 5191 ab
1475 5138 1573 5193 autore
1591 5150 1691 5193 ιιοιιιιιι
