3706 5828
683 322 1074 383 PRAEFATIO.
1619 327 1702 392 Μ

59 453 155 521 theca
181 450 284 545 Regia
309 449 499 522 llanoverae
530 476 601 522 esse
633 453 837 547 epistolarum
869 453 1013 524 Leibnitii
1045 452 1086 523 ad
1112 453 1285 523 rimoldum
1317 455 1471 541 datamm,
1503 459 1545 528 de
1583 460 1696 552 quibus

60 567 158 636 modo
190 567 288 636 locuti
313 591 443 653 sumus,
473 579 530 636 aut
561 591 686 651 omnes,
719 580 774 637 aut
807 580 892 638 certe
923 568 1047 637 mrdtas.
1101 569 1210 660 ltaque
1242 593 1306 638 non
1338 571 1459 656 dubito,
1496 577 1572 666 quin
1604 577 1696 648 multi

60 683 279 777 exprobraturi
306 686 369 752 sint
389 681 482 765 milri,
511 682 613 774 quod,
642 705 717 752 cum
745 684 870 753 editioni
897 709 990 753 meae
1011 686 1196 753 inseruerim
1223 687 1396 777 fragmenta
1422 687 1537 756 inedita
1565 692 1695 758 minoris
1726 680 1727 683 ¹

60 801 225 881 momenti,
246 797 305 866 has
325 801 411 889 ipsas
434 797 581 888 epistolas
603 822 669 868 non
691 798 864 866 exhibeam.
902 800 965 868 Cui
978 800 1144 893 opprobrio
1166 799 1248 866 hanc
1271 823 1429 892 opponam
1445 806 1694 873 excusationem:

61 915 174 982 Exstnt
195 913 323 1005 quidem
336 913 527 982 Hanoverae
547 917 628 982 inter
647 914 824 996 fasciculos,
846 914 959 1004 quibus
972 914 998 982 F
999 914 1111 983 ederus
1126 917 1315 982 commercia
1331 917 1490 1008 epistolica
1500 916 1700 989 Leibnitiarra‘

59 1029 222 1111 distribuit
243 1051 337 1112 unus,
358 1031 411 1096 cui
424 1028 551 1098 Amaldi
573 1054 689 1098 nomen
712 1033 938 1123 praescriptum
953 1041 1010 1113 est,
1031 1032 1063 1096 in
1086 1052 1149 1120 qno
1171 1038 1278 1098 tamen
1299 1033 1381 1099 sicut
1394 1031 1522 1100 rimoldi
1543 1034 1583 1101 ad
1597 1032 1692 1103 Leib-

59 1147 175 1212 nitium
193 1141 373 1236 complures
393 1143 438 1210 ita
458 1141 602 1212 Leibnitii
623 1143 664 1212 ad
683 1143 856 1213 Amaldum
877 1145 1025 1236 epistolas
1047 1143 1149 1213 nullas
1169 1145 1317 1212 iuvenies
1355 1145 1525 1215 Adnotavit
1545 1147 1693 1219 adhunc

60 1259 244 1328 fasciculum
258 1258 285 1327 F
287 1257 410 1340 edenrn
431 1259 586 1325 exstitisse
606 1257 682 1326 olim
702 1263 736 1329 in
757 1258 952 1327 Bibliotheca
973 1259 1074 1353 Regia
1095 1259 1184 1326 binas
1206 1258 1350 1327 Leibnitii
1371 1260 1412 1328 ad
1425 1261 1600 1331 Amoldum
1621 1263 1691 1332 lite·

59 1398 120 1458 ras,
142 1398 223 1442 unas
237 1373 358 1456 latinas,
381 1371 495 1440 alteras
516 1371 645 1464 galbeos
667 1398 785 1466 easque
805 1374 849 1442 nil
870 1376 930 1442 nisi
944 1374 1040 1443 verba
1063 1373 1200 1441 officiosa
1223 1377 1431 1443 continentes:
1454 1386 1605 1468 utrasque
1618 1403 1696 1450 vero

60 1513 98 1558 eo
120 1491 193 1581 ipso
214 1499 368 1581 tempore,
391 1510 456 1578 quo
478 1487 607 1555 Arnaldi
629 1489 778 1578 epistolae
799 1489 937 1558 blortieri
959 1488 1155 1557 lllaresehalli
1180 1492 1271 1579 jussu
1294 1490 1602 1576 transscriberentur,
1630 1519 1694 1562 una

58 1628 134 1673 cum
156 1605 346 1696 apographis
367 1603 426 1670 illis
448 1602 654 1671 dlareschallo
677 1605 804 1671 traditas
826 1629 905 1672 esse.
948 1605 1045 1694 Atqui
1072 1624 1147 1669 cum
1168 1602 1363 1672 Bibliotheca
1384 1605 1485 1698 Regia
1513 1607 1694 1698 exemplum

58 1722 298 1810 harnscriptum
320 1722 389 1811 ejus
411 1717 561 1810 epistolae
582 1741 647 1787 non
667 1721 842 1803 retinuerit,
868 1744 973 1811 neque
995 1742 1054 1810 ego
1077 1721 1231 1810 conjicere
1252 1722 1370 1811 possim
1393 1744 1456 1812 quo
1479 1721 1601 1805 abierit,
1623 1747 1693 1791 anr-

57 1834 139 1927 plius
159 1837 349 1927 investigare
369 1857 434 1902 non
454 1835 552 1924 potui.
588 1833 661 1901 lllea
682 1834 809 1925 quidem
832 1837 977 1926 opinione
992 1832 1142 1926 epistolae
1154 1832 1240 1915 illae,
1260 1833 1313 1900 ubi
1326 1858 1408 1902 anno
1423 1834 1692 1908 MDCCLXXVI

58 1960 162 2033 erant,
184 1950 227 2018 ibi
249 1952 344 2016 etiam
368 1972 454 2017 nunc
481 1951 676 2040 reperiantur
702 1973 832 2018 necesse
862 1961 927 2034 est,
959 1949 1096 2017 Parisiis.
1142 1949 1247 2035 Quam
1269 1948 1379 2017 urbem
1401 1973 1475 2017 cnm
1496 1953 1616 2019 visendi
1637 1976 1693 2022 oc·

57 2068 143 2134 casio
166 2065 246 2133 mibi
266 2088 368 2156 usque
390 2063 432 2131 ad
452 2063 539 2131 hunc
560 2064 644 2133 diem
666 2088 729 2132 non
750 2067 833 2131 lacta
856 2067 910 2146 sit,
931 2087 1095 2154 nunquam
1116 2065 1250 2130 lactasse
1272 2087 1307 2131 se
1329 2063 1484 2148 oblatura,
1513 2071 1696 2160 meipsum

57 2205 112 2249 eas
135 2179 284 2272 epistolas
305 2181 508 2247 invenimum
528 2202 593 2247 non
615 2202 717 2270 spero.
753 2177 868 2270 Neque
890 2189 996 2246 tamen
1017 2178 1221 2268 desperamus
1241 2181 1309 2247 lore
1329 2189 1367 2246 nt
1386 2178 1447 2247 hae
1470 2181 1620 2272 epistolae
1640 2206 1702 2253 res

57 2307 250 2389 cuperentur
272 2305 305 2364 et
324 2297 465 2386 integrae
486 2296 519 2362 in
539 2292 645 2361 lucem
667 2294 828 2385 prodeant.
872 2293 958 2362 Nam
980 2317 1054 2361 cum
1076 2292 1119 2360 lll.
1143 2294 1317 2376 Cousinus,
1339 2297 1387 2361 vir
1407 2296 1459 2363 cui
1488 2305 1554 2363 tam
1575 2297 1694 2366 mrdtos

54 2416 126 2504 jam
147 2410 298 2480 debemus
317 2410 479 2477 literarum
501 2407 665 2476 thesauros
688 2410 816 2477 obrutos
837 2409 1004 2500 hueusque
1030 2408 1270 2500 deperditosque
1297 2408 1448 2490 creditos,
1481 2410 1608 2478 Parisiis
1630 2414 1690 2480 llo-

57 2536 132 2596 reat
151 2539 182 2595 et
201 2527 381 2618 nuperrime
401 2526 434 2592 in
455 2534 599 2592 nostrum
621 2527 819 2615 potissimum
841 2535 984 2592 autorem
1006 2523 1114 2591 oculos
1136 2527 1338 2606 converterit,
1367 2527 1456 2615 cujus
1477 2526 1523 2591 rei
1550 2526 1691 2614 praeela-

57 2665 132 2709 mm
159 2645 227 2733 ejus
254 2643 427 2733 fragmenta
455 2638 671 2731 philosophica
704 2640 871 2708 exhibeant
899 2639 1142 2722 documentum,
1173 2663 1242 2707 rem
1274 2662 1376 2729 paene
1402 2648 1506 2705 actam
1534 2650 1692 2730 putamus.

57 2757 126 2823 Etsi
147 2780 213 2824 non
234 2755 355 2823 licuerit
376 2756 561 2843 exspectari,
583 2777 623 2822 ex
645 2779 709 2846 quo
730 2757 885 2823 universis
900 2754 1019 2821 Galliae
1040 2754 1135 2822 rebus
1151 2752 1344 2821 scholasticis
1363 2756 1487 2845 praesit,
1508 2756 1615 2844 ipsum
1630 2755 1693 2824 hoc

56 2871 116 2939 sibi
137 2882 318 2938 sumturum
340 2894 411 2937 esse
432 2871 611 2961 negotium,
637 2879 743 2938 tamen
771 2870 846 2938 illud
867 2872 971 2961 ipsum
994 2893 1110 2937 munus
1134 2868 1295 2960 publicum
1317 2872 1440 2960 copiam
1468 2871 1497 2935 ei
1516 2872 1610 2937 laciet
1629 2873 1692 2938 im-

57 2986 195 3078 pellendi
217 2988 356 3078 juniores
377 2994 504 3052 utrem
525 2983 611 3053 haud
631 2986 790 3078 indignam
813 2985 1040 3076 aggrediantur.
1084 2984 1240 3075 Equidem
1267 3007 1342 3051 cum
1369 2982 1446 3050 mihi
1472 3007 1536 3051 non
1549 2989 1693 3074 'patuerit

56 3101 161 3168 aditam
182 3098 224 3168 ad
252 3121 362 3167 omnes
387 3098 544 3189 epistolas,
572 3122 651 3190 quas
673 3099 844 3167 Leibnitius
866 3099 1002 3167 Amaldo
1029 3101 1211 3190 scripserat,
1245 3101 1372 3191 gavisus
1399 3122 1471 3165 sum
1500 3098 1585 3189 quod
1611 3099 1693 3168 haee

55 3219 125 3309 ipsa
144 3255 190 3265 —
211 3214 392 3283 ultimarum
406 3238 470 3282 una
489 3254 534 3266 —
554 3215 649 3281 inseri
663 3238 754 3281 meae
776 3213 901 3284 editioni
923 3216 1031 3305 potnit.
1087 3213 1150 3280 Cui
1169 3213 1273 3280 addidi
1296 3225 1478 3304 excerptum
1501 3236 1541 3280 ex
1562 3214 1693 3306 epistola

57 3331 98 3399 ad
107 3329 326 3400 Bemoullium
346 3330 472 3419 scripta,
494 3353 576 3420 quae
597 3330 697 3396 lusius
720 3328 854 3420 explicat
876 3328 1035 3420 quomodo
1058 3352 1122 3397 non
1144 3327 1248 3414 solum
1270 3331 1427 3419 quantitas
1445 3331 1560 3395 virium
1580 3332 1692 3396 metri-

58 3450 145 3515 cium
172 3445 285 3515 eadem
313 3466 439 3533 semper
465 3453 609 3526 maneat,
637 3443 693 3510 sed
721 3445 849 3513 directio
867 3446 972 3512 etiam
999 3455 1144 3511 motuum
1169 3445 1202 3510 in
1229 3454 1392 3511 aeternum
1419 3466 1491 3509 sese
1517 3453 1691 3510 conservet.

58 3563 204 3643 Constat,
229 3563 263 3628 in
289 3561 349 3628 hac
377 3558 450 3651 lege
477 3583 603 3651 semper
624 3557 814 3627 Leibnitium
842 3562 913 3642 niti,
940 3583 1013 3626 curn
1037 3582 1094 3626 sua
1115 3558 1280 3627 harmonia
1300 3555 1509 3649 praestabilitas
1531 3556 1690 3624 Cartesia-

56 3701 172 3746 norum
193 3673 487 3743 occasionalismum
515 3698 611 3765 quem
632 3684 748 3742 vocant
768 3698 945 3766 repugnare
967 3674 1100 3741 studeat
1690 3665 1692 3668 ¹

146 3791 271 3860 xxvi
297 3789 357 3859 Dc
384 3814 477 3858 vera
504 3789 687 3857 methodo
714 3789 989 3882 philosophiae
1017 3800 1055 3856 et
1081 3787 1312 3878 theologiae.
1359 3784 1452 3854 Hanc
1479 3784 1691 3875 scriptionem,

56 3906 199 3976 nondum
219 3916 312 3973 antea
332 3904 458 3987 editam,
479 3904 667 3972 Hanoverae
687 3907 720 3971 in
733 3902 926 3971 Bibliotheca
945 3903 1046 3995 Regia
1069 3904 1274 3994 transscripsi,
1295 3903 1387 3991 eique
1407 3898 1493 3965 hunc
1515 3897 1587 3966 dedi
1614 3901 1691 3966 risu.

56 4023 131 4091 lum
175 4019 291 4112 Neque
311 4019 497 4110 reprehendi
525 4043 579 4086 mc
606 4042 699 4111 posse
721 4016 815 4085 credo
839 4018 923 4108 quod
946 4043 1016 4085 eam
1038 4043 1101 4085 non
1125 4019 1252 4108 propius
1281 4014 1321 4082 ad
1343 4011 1535 4081 collectionis
1564 4014 1689 4081 initium

57 4138 226 4230 posuerim.
270 4137 499 4228 Argumentum
522 4134 623 4216 docet,
645 4143 788 4200 autorem
811 4155 830 4199 a
853 4133 1097 4200 Cartesianismo
1119 4133 1213 4222 longe
1235 4130 1430 4211 discessisse,
1452 4126 1616 4219 multaque
1637 4150 1689 4195 re·

57 4263 208 4320 hacmsse
229 4276 311 4342 quae
329 4254 453 4343 juvenis
475 4250 642 4317 docuisset
685 4246 926 4338 Reprehendent
947 4250 1051 4314 lorsan
1063 4246 1124 4313 alii
1145 4248 1351 4327 contrarium,
1373 4248 1490 4334 quippe
1512 4242 1689 4331 provectio-

57 4370 98 4435 ris
120 4369 233 4434 aetatis
253 4390 336 4458 opus
357 4390 427 4433 esse
448 4365 678 4434 contendentes.
722 4364 786 4431 Vix
806 4361 910 4429 credo'.
954 4361 1162 4428 Conseruntur
1182 4359 1277 4427 modo
1300 4383 1383 4450 quae
1409 4359 1461 4425 lric
1482 4355 1628 4424 dicuntur
1650 4355 1691 4422 de

58 4481 254 4549 Eucharistia
281 4505 356 4548 cum
381 4484 428 4563 iis,
451 4505 532 4570 quae
554 4490 663 4571 postea
685 4501 759 4546 cum
780 4477 876 4544 Patre
898 4475 964 4542 Des
986 4476 1103 4541 Bosses
1130 4477 1374 4543 communicavit
1400 4472 1440 4538 de
1461 4472 1522 4538 lrac
1548 4471 1618 4561 ipsa
1638 4492 1688 4539 re:

57 4621 114 4665 nec
135 4596 245 4663 latebit
263 4596 438 4663 discrimen
482 4597 650 4663 Praeterea
672 4616 711 4660 ex
732 4593 792 4659 hac
812 4588 962 4657 schedula
985 4589 1109 4657 elucere
1135 4589 1212 4656 mihi
1232 4588 1369 4669 videtur,
1395 4605 1434 4654 eo
1455 4589 1525 4676 ipso
1547 4595 1691 4676 tempore

56 4711 273 4803 metaphysica
295 4715 364 4804 ejus
386 4711 534 4802 dogmata
555 4709 696 4778 nondum
717 4717 793 4775 nota
812 4707 918 4786 luisse,
940 4706 997 4770 etsi
1012 4702 1053 4770 ad
1073 4726 1111 4770 ea
1125 4705 1329 4793 respiciatur,
1341 4726 1424 4793 quae
1444 4705 1477 4770 in
1497 4701 1689 4790 dissertatio-

56 4829 148 4895 nibus
169 4826 210 4894 de
233 4838 322 4896 motu
343 4827 499 4894 abstracto
527 4836 560 4893 ct
580 4833 727 4893 concreto
757 4821 913 4889 docuerat
958 4817 1106 4909 Denique
1134 4828 1170 4884 ut
1190 4817 1274 4886 hunc
1296 4819 1400 4910 ipsum
1428 4815 1690 4886 eiadscriberem

56 4940 173 5025 locum,
194 4944 293 5009 suasit
306 4951 528 5033 argumentum
543 4939 746 5008 articulorum
760 4938 969 5028 sequentium,
990 4957 1065 5002 eum
1088 4934 1200 5025 quibus
1221 4943 1307 5000 arete
1321 4932 1519 5014 cohaereant,
1541 4955 1624 5022 quae
1637 4931 1690 5000 hic
1759 4944 1762 4948 ’

57 5057 95 5126 de
115 5081 288 5150 corporum
309 5060 490 5127 extersione
511 5055 637 5122 dixerat.

1332 5182 1351 5226 Ο
