3706 5828
184 333 230 406 eo
624 344 679 405 rx.
705 343 980 428 musmones
997 342 1049 403 nu
1061 341 1285 402 ooouruous
1297 346 1348 402 ea,

183 490 232 549 sed
245 488 384 548 vocolrulis
397 488 457 545 istis
476 479 609 566 (quorum
628 503 722 544 senam
736 485 849 544 obscure
862 485 968 560 saltem,
1002 497 1005 500 ⁴
1018 485 1097 558 bere,
1112 484 1288 560 intelligimus
1301 484 1377 542 enim
1389 483 1485 557 utiquc
1497 483 1564 557 quid
1578 483 1708 558 dicamus,
1723 488 1753 542 et
1765 488 1807 541 ta·

183 584 266 653 atque
279 579 435 653 impensem
447 577 533 634 menti
551 571 727 649 obversatur)
747 573 778 630 in
791 573 885 630 animo
906 579 970 631 utor
1018 590 1083 631 men
1096 575 1202 631 nullam
1215 574 1308 646 utique
1321 574 1452 631 habemus
1466 572 1556 630 ideam
1575 589 1666 630 rerum
1680 573 1805 647 impossi-

184 669 245 726 looo
262 668 393 740 ideamm,
408 682 477 738 quas
490 666 524 722 de
538 664 573 721 iis
592 665 689 737 habeo,
709 662 842 737 qnoniam
855 661 969 721 memini
1018 663 1126 721 bih'um.
1167 662 1272 720 Eodan
1285 660 1369 735 igitur
1382 661 1466 718 modo
1482 651 1540 718 non
1552 662 1652 719 sufficit
1664 678 1717 718 nos
1730 661 1804 735 cogi·

183 773 229 814 me
252 755 478 830 significationem
501 754 617 810 istorum
642 752 837 810 vocabulorum
860 751 968 825 labere,
1018 755 1078 808 tare
1096 751 1131 808 dc
1144 750 1215 808 Ente
1233 749 1436 826 perfectissimo,
1457 752 1489 806 ut
1506 766 1656 807 ameramus
1674 767 1726 807 nos
1745 749 1804 819 eius

183 844 394 919 explicationem
407 840 501 900 autem
518 858 592 898 nnnc
601 838 707 911 judicio
720 839 898 897 necemariam
911 856 970 897 non
1019 840 1111 897 ideam
1126 840 1234 912 habere,
1248 843 1278 896 et
1292 839 1323 895 in
1336 840 1387 896 hac
1400 838 1485 895 allata
1504 838 1588 913 paulo
1607 843 1673 895 anto
1691 839 1804 896 demon·

182 951 255 1006 csse,
283 931 393 1005 qualem
420 930 614 1005 cogitationem
636 945 785 1003 caecam,
816 928 861 986 vel
884 929 970 986 ctiam
1018 929 1149 985 strattone
1162 926 1328 1002 possibilitas
1342 927 1422 984 Entis
1440 927 1627 1002 pefectissim
1646 932 1695 983 aut
1713 931 1804 984 osten-

182 1021 363 1094 symbolioam
376 1019 513 1094 appellare
525 1017 611 1092 soleo,
631 1033 686 1091 qua
704 1022 732 1074 et
745 1017 777 1075 in
789 1016 918 1092 Algcbra,
941 1020 970 1075 ct
1018 1016 1116 1092 mndc,
1136 1021 1186 1073 aut
1202 1016 1379 1090 supponenda
1397 1019 1448 1088 est,
1462 1020 1495 1072 ut
1512 1020 1586 1075 recta
1600 1016 1802 1074 concludamus.

183 1112 214 1167 in
227 1107 407 1167 arithmetica
421 1108 531 1181 utimur,
547 1107 604 1164 imo
618 1107 674 1164 fere
687 1106 797 1180 ubique.
842 1106 879 1162 Et
897 1109 969 1163 oertc
1018 1105 1132 1163 Interim
1150 1105 1219 1161 nihil
1238 1104 1329 1161 verius
1342 1109 1392 1180 cst,
1414 1119 1497 1177 quam
1515 1108 1544 1161 et
1561 1120 1613 1160 nos
1631 1104 1683 1162 Dei
1704 1105 1804 1162 habere

182 1215 246 1256 cum
259 1197 337 1254 notio
350 1195 430 1253 valde
443 1195 594 1271 composita
612 1199 663 1270 est,
684 1211 742 1251 non
754 1210 897 1269 possumus
911 1210 970 1251 orn·
1018 1193 1118 1268 ideam,
1138 1198 1167 1250 et
1187 1193 1245 1249 Ens
1263 1193 1489 1267 perfectimimum
1502 1209 1561 1249 me
1580 1192 1723 1267 posibila,
1744 1193 1804 1250 imo

182 1305 231 1344 ncs
245 1285 427 1360 ingredientes
445 1302 508 1341 eam
526 1284 652 1341 notiones
665 1284 747 1339 simul
766 1283 901 1356 cogitare:
920 1282 969 1341 ubi
1018 1282 1212 1352 necesarium
1230 1287 1419 1355 argumentum
1433 1285 1531 1338 ,umen
1544 1297 1602 1337 non
1617 1282 1683 1338 satis
1696 1283 1804 1340 conclu-

182 1381 277 1433 tamcn
290 1374 341 1431 lroc
355 1373 426 1447 lioet,
441 1373 486 1429 vel
499 1373 596 1429 saltem
606 1372 637 1428 in
649 1376 783 1445 quantum
793 1372 864 1445 licet,
878 1372 971 1444 cogni·
1020 1371 1070 1444 dir,
1085 1369 1185 1440 etjam
1198 1370 1234 1427 ab
1249 1371 1423 1443 Aquinate
1437 1369 1566 1439 reiectura
1579 1374 1630 1428 est

181 1465 286 1521 tionem
314 1479 383 1519 voco
413 1460 625 1518 intuitivam.
673 1459 801 1517 Notionis
826 1460 969 1517 distinctae
1062 1462 1153 1533 Atque
1167 1459 1207 1515 ita
1220 1459 1351 1516 habemus
1369 1475 1477 1532 quoque
1490 1459 1635 1516 discrimen
1654 1458 1726 1515 inter
1746 1459 1803 1516 dc·

180 1552 336 1627 primitivae
349 1565 407 1606 non
422 1550 477 1606 alia
491 1549 572 1606 datur
585 1548 715 1624 cognitio,
730 1565 814 1623 quarn
829 1549 967 1622 intuitiva,
1020 1548 1210 1604 finitiones
1223 1547 1434 1620 nominales,
1454 1562 1523 1620 quae
1541 1551 1621 1604 notas
1634 1551 1742 1604 tantum
1761 1535 1818 1604 rci‘

180 1644 213 1698 ut
225 1638 436 1714 compositarum
450 1638 607 1712 plerumque
618 1636 747 1712 cogitatio
760 1654 818 1695 non
827 1637 882 1695 nisi
894 1653 969 1708 sym·
1018 1636 1055 1693 ab
1069 1637 1131 1693 aliis
1144 1635 1336 1693 discernendae
1345 1636 1495 1708 continent,
1509 1639 1538 1692 et
1550 1635 1678 1710 reales,
1693 1652 1729 1692 ex
1743 1636 1804 1709 qui·

180 1728 272 1786 belim
285 1732 334 1784 est
1018 1725 1070 1782 bus
1083 1728 1191 1782 constat
1203 1742 1262 1781 rcm
1275 1742 1333 1782 csse
1347 1724 1513 1798 possibilem,
1527 1728 1556 1782 et
1569 1726 1619 1781 hac
1637 1724 1745 1781 radone
1760 1742 1803 1780 sa·

223 1818 269 1873 Ex
286 1813 400 1884 hisjam
418 1817 503 1888 patet,
524 1830 685 1871 noseorum
703 1830 819 1888 quoque,
839 1829 909 1886 quae
928 1812 970 1869 di·
991 1858 994 1875 .
1018 1813 1083 1868 tisfit
1097 1813 1246 1886 Hobbio,
1266 1814 1314 1885 qui
1334 1814 1461 1869 veritates
1480 1812 1590 1870 volebat
1611 1829 1669 1869 esse
1687 1813 1803 1870 arbitru-

179 1905 278 1963 stincte
290 1903 486 1978 cognoscimus,
500 1903 576 1959 ideas
590 1919 647 1959 non
665 1903 811 1978 percipere,
830 1902 884 1958 nisi
902 1917 969 1975 qua·
991 1892 993 1901 '
1017 1901 1081 1975 rias,
1095 1902 1162 1975 quia
1175 1919 1212 1959 ex
1225 1901 1428 1959 definitionibus
1446 1901 1632 1958 nominalihus
1644 1902 1802 1975 penderent,

179 1998 259 2052 tenus
272 1992 438 2066 cogitatione
458 1991 589 2048 intrritiva
607 1988 721 2048 utimur.
764 1992 801 2048 Et
819 2007 885 2047 sane
904 2007 969 2046 con·
1017 2006 1075 2047 non
1095 1990 1269 2047 considerans
1287 1991 1440 2048 realitatcm
1458 1989 1624 2047 delinitionis
1642 1990 1673 2045 in
1687 1990 1803 2047 arbitrio

179 2081 270 2157 tingit,
285 2079 711 2154 utnossaepefalsocredamus
724 2079 967 2137 habereinanimo
1016 2095 1155 2153 nonme,
1170 2079 1368 2153 necquaslibet
1380 2079 1509 2136 hotiones
1522 2079 1804 2152 neascpossooon·

178 2170 277 2227 ideas
290 2185 390 2243 rerum,
405 2183 468 2224 cum
481 2167 551 2225 falso
565 2168 742 2242 supponimus
756 2169 862 2241 aliquos
875 2169 967 2224 terrm·
990 2176 993 2247 ζ
1013 2167 1101 2241 jungi.
1145 2167 1204 2225 Nec
1229 2168 1399 2225 definitiones
1423 2167 1576 2225 nominales
1599 2167 1736 2223 sufficiunt
1765 2168 1802 2224 ad

177 2274 240 2332 nos,
255 2257 354 2332 quihus
366 2256 484 2330 utimur,
499 2255 686 2326 jamanobis
700 2256 784 2314 fuisse
802 2256 966 2330 explicatos:
990 2258 993 2325 t
1016 2258 1163 2331 perlectam
1186 2257 1342 2329 scientiam,
1373 2256 1427 2312 nisi
1457 2256 1567 2330 quando
1598 2255 1708 2313 aliunde
1737 2272 1803 2313 corr·

69 2336 73 2346 '
178 2363 229 2404 nec
248 2363 359 2419 verum,
383 2349 434 2418 aa
450 2349 523 2402 certe
541 2345 715 2420 ambiguitati
742 2345 895 2403 obnoxium
914 2351 965 2420 est,
1017 2349 1072 2402 stat
1085 2362 1145 2402 rem
1165 2345 1305 2402 definitam
1324 2362 1383 2402 csse
1400 2345 1565 2419 possibilem
1609 2345 1689 2401 Patet
1706 2345 1801 2419 etiarn,

178 2435 253 2510 quod
266 2434 346 2506 aiunt
359 2432 458 2509 aliqui,
478 2448 537 2490 non
555 2451 635 2508 posse
651 2450 703 2491 nos
724 2434 758 2491 de
777 2451 808 2490 re
821 2434 913 2506 aliqua
926 2433 968 2490 di·
1016 2449 1087 2508 quac
1099 2434 1212 2491 tandem
1225 2434 1263 2490 sit
1275 2433 1353 2490 idea
1366 2450 1456 2508 vcra,
1472 2449 1542 2507 quae
1556 2434 1654 2506 falsa,
1668 2449 1733 2490 veru
1748 2434 1802 2490 sci·

178 2541 248 2599 cere,
274 2516 452 2597 intelligendu
472 2523 545 2596 quod
564 2523 688 2596 dicimus,
709 2522 777 2595 quin
796 2521 854 2591 ejus
868 2523 967 2580 habeu-
1015 2522 1080 2579 licet
1093 2539 1156 2578 cum
1176 2523 1254 2579 notio
1268 2527 1310 2579 cst
1324 2523 1471 2596 possibilis,
1491 2523 1560 2580 falsa
1575 2537 1638 2578 cum
1650 2521 1801 2579 conuadic·

176 2627 240 2670 mus
263 2612 363 2669 ideam.
411 2612 498 2685 Saepe
522 2611 598 2667 enim
621 2611 756 2668 vocabula
781 2611 834 2667 ista
859 2610 967 2684 singula
1016 2612 1121 2669 tionem
1134 2612 1259 2668 involvit.
1302 2611 1741 2670 Possibilitatemautcmrei
1756 2611 1801 2668 rel

177 2705 314 2773 utcunque
337 2699 523 2773 intelligimus,
548 2704 597 2756 aut
620 2716 671 2757 nos
696 2702 778 2755 antea
800 2699 967 2756 intellexisse
1017 2700 1141 2774 aptiori
1159 2699 1354 2774 cognoscimus,
1370 2701 1414 2757 vel
1428 2715 1446 2756 a
1459 2699 1611 2774 posteriori.
1639 2700 1676 2756 Et
1689 2700 1801 2773 quidem

176 2788 360 2861 meminimus,
375 2788 439 2861 quia
452 2792 546 2844 tamen
559 2788 610 2844 hac
623 2787 787 2861 cogitatione
806 2804 885 2845 caeca
902 2804 965 2844 con·
1016 2804 1035 2844 a
1054 2789 1154 2863 priori,
1179 2805 1243 2845 cum
1262 2789 1404 2846 notionem
1423 2788 1583 2846 resolvimus
1597 2788 1628 2845 in
1647 2804 1697 2844 sua
1712 2788 1802 2860 requi·

177 2877 248 2935 tenti
270 2892 378 2951 sumu,
396 2880 426 2932 ct
447 2875 642 2932 resolutionem
661 2876 805 2933 notionum
825 2893 882 2933 non
899 2877 966 2933 satis
1016 2877 1084 2950 sita,
1104 2894 1153 2934 seu
1172 2877 1203 2933 in
1222 2877 1291 2933 alias
1309 2877 1437 2934 notiones
1454 2877 1581 2951 cognitae
1602 2877 1800 2951 possibilitatis,

176 2965 373 3040 prosequimur,
399 2963 480 3020 litut
498 2964 581 3020 lateat
601 2980 652 3020 nos
673 2965 860 3040 contradictio,
883 2979 966 3038 quam
1015 2964 1136 3039 nihilque
1156 2965 1259 3022 inillis
1279 2966 1484 3040 incompatibile
1501 2983 1562 3023 esse
1580 2965 1693 3037 samm,
1718 2965 1801 3039 idque

177 3056 249 3112 forte
261 3053 341 3110 notio
354 3052 506 3127 composita
520 3052 643 3109 involvit
680 3054 755 3110 Haec
769 3057 801 3110 ut
813 3054 966 3111 considera·
1015 3055 1046 3110 tit
1064 3053 1137 3110 inter
1155 3054 1219 3129 alia,
1241 3070 1304 3111 cum
1327 3054 1505 3129 intelligimur
1527 3055 1654 3129 modum,
1680 3069 1736 3127 quo
1757 3071 1801 3111 res

176 3158 236 3201 rem
261 3140 424 3215 distinctius,
451 3140 514 3198 fecit
539 3141 608 3197 olim
635 3147 833 3217 argumentum,
861 3142 965 3199 dudum
1015 3144 1101 3218 pomit
1115 3136 1240 3217 modun}
1256 3143 1330 3200 nndc
1343 3160 1409 3218 prae
1426 3143 1539 3200 metens
1559 3143 1640 3200 utiles
1658 3147 1722 3199 sunt
1736 3144 1800 3200 De·

176 3231 249 3287 inter
263 3230 437 3287 mhchshcos
451 3229 567 3304 celebre,
587 3233 617 3286 et
636 3246 654 3286 a
672 3231 831 3288 Cartesio
850 3247 965 3288 renova·
1014 3231 1201 3289 finitiones
1224 3232 1395 3290 causales:
1423 3248 1441 3288 a
1465 3231 1610 3306 posteriori
1635 3248 1709 3306 vero,
1735 3248 1799 3290 cum

176 3323 245 3392 turn,
261 3335 312 3392 pro
325 3318 472 3374 existentia
486 3316 552 3390 Dei,
567 3318 641 3391 quod
655 3319 696 3375 ita
714 3319 810 3376 habet:
829 3321 964 3393 Quicquid
1013 3336 1073 3376 rem
1086 3325 1148 3377 actu
1162 3321 1278 3378 erinae
1292 3321 1463 3393 caper-imum
1479 3320 1553 3395 quod
1568 3321 1643 3377 eninr
1657 3325 1719 3377 actu
1729 3322 1800 3377 exti-

176 3421 213 3466 ex
226 3405 342 3477 ahcrq'us
355 3406 395 3464 rei
410 3407 480 3478 idea,
495 3406 553 3463 sive
566 3406 723 3465 definitione
736 3409 866 3481 sequitur,
886 3409 964 3465 idda
1013 3409 1056 3482 tit,
1077 3408 1106 3464 id
1124 3409 1219 3482 utique
1238 3409 1368 3484 possibile
1393 3414 1443 3466 est
1488 3410 1524 3466 Et
1547 3409 1657 3482 quidem
1676 3409 1800 3483 quando·

175 3513 206 3554 rc
220 3499 310 3572 potest
323 3495 481 3570 praedicari.
514 3495 669 3552 Existerrtia
688 3513 724 3553 ex
743 3497 796 3553 Dei
814 3492 888 3573 (sive
908 3498 963 3553 En·
1012 3513 1118 3570 cunque
1131 3498 1247 3554 babetur
1261 3497 1381 3571 cognitio
1395 3498 1556 3572 adaequata,
1572 3499 1688 3555 hahetur
1707 3503 1736 3554 ct
1754 3515 1799 3555 co·

175 3585 213 3641 tis
225 3584 422 3659 perfectismi,
434 3584 480 3640 vel
492 3598 548 3656 quo
561 3584 651 3654 nrnjus
660 3585 774 3659 cogitari
788 3600 845 3642 non
859 3585 963 3659 potest)
1012 3586 1101 3659 gnitio
1120 3587 1310 3660 pomihilitatis
1330 3601 1348 3642 a
1366 3587 1467 3659 priori3
1491 3586 1620 3661 perducta
1639 3587 1715 3643 enirn
1734 3603 1799 3643 ana·

175 3672 238 3730 idea
257 3673 385 3747 sequitur.
430 3671 501 3742 (Fns
519 3673 594 3728 cuim
608 3673 831 3747 perfectimimum
846 3674 963 3731 involvit
1012 3675 1066 3746 lysi
1080 3675 1117 3731 ad
1130 3677 1221 3749 tinem,
1238 3675 1353 3732 mnulla
1366 3679 1479 3750 apparet
1495 3675 1683 3748 contradictio,
1704 3675 1799 3748 utique

175 3777 271 3818 omnes
290 3760 481 3835 perfectiones,
502 3760 532 3816 in
551 3770 799 3834 quarumnumem
817 3768 859 3819 cst
878 3763 963 3820 οιίιιιι
1012 3762 1241 3838 nutiopossrhilis
1260 3768 1310 3820 cst.
1353 3763 1799 3838 Anverounquamabhomini·

175 3850 346 3920 existentia).
388 3850 462 3923 Ergo
481 3849 628 3907 existentia
647 3851 682 3907 dc
699 3851 759 3908 Deo
777 3855 868 3924 potest
885 3867 962 3926 prae·
1012 3853 1064 3910 bus
1077 3855 1195 3926 pefecta
1208 3852 1315 3909 institui
1334 3852 1420 3926 pomit
1432 3853 1552 3924 arralysis
1565 3853 1718 3925 notionum,
1739 3854 1799 3909 sive

175 3937 269 3993 dicari.
300 3938 401 3994 Verum
415 3938 554 3994 sciendum
567 3942 618 4012 est,
633 3939 698 3996 inde
711 3939 763 3996 hoc
776 3944 885 3996 tantum
897 3957 962 3997 oon·
1012 3957 1049 3998 an
1064 3940 1100 3996 ad
1113 3941 1224 4015 prima
1237 3941 1441 4015 possibilia,
1456 3957 1489 3998 ac
1501 3942 1629 3998 notiones
1642 3942 1799 3999 inasolubi·

175 4025 229 4100 tici,
252 4025 276 4080 ri
295 4025 369 4080 Deus
389 4031 431 4082 est
448 4027 595 4101 possibilis,
615 4027 736 4102 sequitur
753 4028 828 4101 quod
846 4029 961 4102 existat,
1010 4030 1059 4102 les,
1075 4029 1133 4087 sive
1149 4030 1237 4103 (quod
1250 4031 1346 4087 eodem
1359 4029 1445 4101 redit)
1456 4030 1516 4104 ipsa
1529 4031 1655 4087 absoluta
1665 4029 1798 4087 attributa

174 4129 240 4170 nam
254 4113 456 4170 definitionibus
475 4131 533 4170 non
550 4132 693 4188 pommus
706 4121 768 4174 tuto
781 4117 824 4174 uti
843 4117 878 4174 ad
898 4134 962 4175 con·
1010 4119 1071 4190 Dei,
1092 4134 1192 4192 nempe
1210 4122 1305 4176 oausas'
1323 4119 1433 4194 primas,
1454 4123 1536 4192 atque
1561 4120 1687 4176 ultimam
1706 4136 1798 4176 rerum

174 4201 347 4275 cludendum,
363 4205 509 4275 antequam
524 4204 641 4262 scimus
655 4221 702 4263 eas
721 4223 781 4263 esse
799 4206 893 4280 reales,
912 4208 962 4262 aut
1010 4207 1154 4281 rationem,
1169 4207 1347 4280 cogitationes
1360 4223 1423 4263 suas
1442 4208 1570 4265 reducere
1588 4209 1702 4282 possint,
1723 4223 1797 4265 nunc

174 4290 280 4347 nullam
308 4289 450 4347 involvere
479 4293 728 4351 contradictionem.
777 4293 862 4364 Gnjrrs
889 4295 961 4351 ratio
1010 4295 1120 4369 quidem
1142 4295 1254 4352 definire
1274 4311 1332 4352 non
1350 4297 1446 4353 ausim.
1488 4296 1651 4370 Plerumque
1674 4297 1797 4354 contenti

173 4383 223 4452 est,
238 4379 357 4452 quiade
373 4379 533 4436 notionibus
555 4383 798 4440 contradictionem
820 4383 962 4440 involven·
1010 4396 1111 4458 suus,
1129 4385 1274 4440 notionum
1288 4385 1459 4457 quarundam
1479 4385 1634 4442 realitatcm
1655 4386 1797 4460 experim-

173 4467 248 4524 tibus
261 4468 344 4524 simul
357 4471 468 4539 possent
481 4468 605 4525 concludi
624 4472 759 4545 opposita,
777 4470 852 4545 quod
866 4470 960 4528 absur
1009 4472 1049 4528 tia
1069 4471 1211 4547 didicisse,
1240 4473 1312 4530 unde
1335 4477 1431 4547 postea
1455 4474 1524 4530 alias
1547 4475 1736 4549 componimus
1760 4475 1797 4531 ad

173 4556 240 4613 dcun
264 4560 315 4615 est
360 4556 439 4612 Soleo
464 4558 560 4613 autem
578 4558 614 4613 ad
632 4559 683 4615 hoc
701 4559 894 4616 declarandum
918 4560 960 4617 uti
1009 4561 1166 4634 exemplum
1181 4565 1302 4618 naturae.

173 4644 300 4720 exemplo
316 4647 408 4700 metus
425 4645 568 4719 celerrimi,
589 4645 637 4719 qui
656 4647 803 4704 absurdum
822 4648 959 4722 implicat3
1052 4649 1125 4705 Hinc
1138 4650 1324 4722 ergotandem
1337 4655 1405 4724 puto
1419 4650 1536 4724 intelligi
1550 4667 1638 4724 pomc,
1653 4666 1710 4707 non
1726 4665 1797 4706 scm·

172 4750 307 4808 ponamus
320 4733 396 4790 cuim
407 4737 499 4790 rotam
517 4735 638 4808 aliquam
658 4736 799 4794 celerimo
817 4741 895 4795 motu
915 4754 960 4795 ro·
1008 4752 1059 4811 per
1070 4742 1130 4794 tuto
1146 4738 1289 4812 provocari
1304 4739 1478 4813 adideoa‘et
1493 4740 1595 4796 multos
1608 4739 1731 4811 specioso
1748 4739 1797 4795 illo

173 4823 235 4895 tari,
249 4823 311 4897 quis
323 4839 382 4880 non
399 4821 482 4896 videt,
501 4823 664 4897 productum
682 4825 802 4897 aliquem
820 4831 898 4883 rotae
915 4842 960 4884 ra·
1008 4825 1090 4883 titulo
1106 4827 1143 4883 ad
1162 4826 1369 4902 imaginationes
1386 4829 1517 4901 quasdam
1537 4845 1600 4885 suas
1619 4828 1797 4885 stabiliendas

172 4911 250 4967 dium
263 4915 388 4968 exhemo
401 4926 452 4967 suo
465 4911 579 4968 celerius
593 4915 699 4968 motum
714 4913 759 4986 iri,
773 4929 857 4986 quam
870 4915 901 4971 in
913 4932 959 4973 ro·
1007 4914 1099 4988 abuti3
1119 4930 1208 4989 neque
1227 4917 1302 4972 enim
1321 4917 1415 4973 statim
1428 4917 1520 4974 ideam
1540 4918 1671 4974 habemus
1689 4915 1739 4988 rei,
1761 4916 1796 4971 de

173 5004 218 5056 tae
232 4999 448 5058 circumferentia
466 4999 587 5072 clavum3
607 4999 688 5071 hujus
705 5017 772 5074 ergo
790 5008 882 5061 motus
900 5020 957 5062 non
1006 5019 1061 5078 qua
1078 5020 1129 5061 nos
1143 5004 1262 5078 cogitare
1277 5021 1369 5062 sumus
1383 5006 1493 5079 conscii,
1508 5005 1582 5080 quod
1596 5005 1724 5078 exemplo
1737 5018 1796 5060 ma·
1814 5047 1817 5053 .

171 5092 213 5144 cst
227 5088 390 5162 scierimus,
409 5092 505 5146 contra
523 5089 692 5164 hypothesin
735 5090 850 5148 Interim
866 5093 957 5166 prima
1006 5092 1100 5150 murae
1114 5092 1266 5150 velocitatis
1286 5094 1368 5168 paulo
1385 5099 1449 5152 ante
1470 5094 1586 5152 ostendi.
1629 5093 1685 5151 Nec
1704 5093 1796 5150 urinus

172 5179 262 5234 fronte
275 5177 361 5234 videri
375 5178 462 5252 possit
474 5192 526 5235 nos
538 5178 628 5237 ideam
647 5183 739 5236 motus
756 5178 890 5237 celerimi
908 5182 955 5240 lra-
1005 5182 1103 5240 abuti
1123 5182 1203 5240 video
1222 5183 1308 5240 uoshi
1332 5184 1463 5258 tcmpor‘a
1477 5183 1601 5241 homines
1619 5182 1725 5252 iactato
1744 5182 1795 5239 illc
