3706 5828
679 325 1075 390 susurnam.
1654 332 1701 396 xl

61 459 207 550 primum
238 460 322 525 toras
354 456 496 541 daretur,
529 467 639 550 postea
672 456 761 527 alteri
787 458 914 528 editioni
940 458 1153 529 Leibnitianae
1180 459 1339 547 (Francos.
1368 462 1482 551 1674.)
1506 463 1622 534 iterum
1647 468 1696 537 in·

60 575 203 665 scriptus
224 581 281 640 est.

156 687 211 755 Vb
242 686 301 754 De
328 689 406 753 vita
434 687 554 755 beata
600 687 673 773 Quo
694 689 822 755 nomine
843 698 1045 757 conservatur
1066 689 1255 758 Hanoverae
1282 693 1519 775 commentatio,
1540 692 1636 762 latine
1662 707 1697 765 ιι
1729 682 1757 776 ἶ,
1790 722 1806 787 p

61 804 454 895 &murw-
487 802 598 871 Latina
620 800 681 869 olio
701 824 814 886 muru,
835 805 943 873 nescio
969 826 1011 871 an
1032 801 1205 872 Leibnitii
1193 829 1296 896 jussu,
1317 808 1412 874 etiam
1434 809 1616 898 transcripta
1637 833 1695 877 ex·

62 928 135 985 stat
181 917 289 1002 Quam
315 927 351 985 ιιι
376 917 452 988 buic
480 919 603 985 circiter
630 918 766 1007 tempori
792 915 968 987 adscribam
995 915 1096 985 multa
1128 928 1202 987 sunt
1229 942 1312 1011 quae
1334 916 1494 989 suadeant
1537 920 1695 1013 Imprimis
1806 904 1813 911 ¹

62 1056 187 1139 magqa
205 1055 282 1101 cum
304 1031 446 1100 Cartesio
469 1044 500 1101 et
522 1033 661 1124 Spinoza
682 1036 845 1129 cognatio..
880 1032 952 1125 lpse
973 1030 1145 1100 Leibnitius
1168 1034 1330 1104 confitetur
1352 1059 1388 1103 se
1406 1038 1560 1127 juvenem
1583 1038 1701 1109 Corte·-

63 1152 269 1231 sianismum,
296 1148 362 1215 imo
385 1147 622 1238 Spinorismum
643 1145 834 1230 redoluisse3
862 1146 949 1241 quod
970 1147 1113 1217 lubenter
1134 1147 1245 1217 credes
1265 1152 1293 1218 si
1313 1153 1394 1218 inter
1414 1149 1547 1220 schedas
1567 1151 1694 1222 Leibni-

61 1266 165 1332 tianas
192 1262 381 1331 Hanoverae
408 1261 523 1331 videris
550 1264 808 1356 effla—lacta
835 1264 1035 1357 eSpinozae
1055 1262 1168 1332 Etbica
1194 1274 1260 1332 tam
1288 1276 1435 1334 accurata
1462 1276 1498 1334 ut
1525 1291 1545 1335 c
1571 1267 1650 1337 libro
1671 1267 1695 1339 l

61 1389 97 1447 ιι
122 1377 203 1447 libro
231 1378 286 1449 Ν.
319 1402 362 1446 ιιι
388 1401 453 1447 una
480 1375 608 1471 quidem
636 1379 808 1468 propositio
835 1379 953 1446 omissa
982 1379 1035 1462 sit,
1064 1389 1095 1447 et
1121 1381 1277 1471 excerptis
1303 1379 1383 1449 haec
1410 1381 1506 1449 verba
1532 1383 1695 1475 inscripta:

66 1494 168 1562 -baec
190 1495 305 1585 partim
325 1517 414 1576 mea,
436 1495 550 1584 partim
572 1492 683 1575 aliena,
705 1492 807 1561 aberra
827 1516 905 1562 vcro
928 1491 1144 1584 corrigenda
1192 1493 1326 1564 Constat
1345 1507 1470 1565 mature
1489 1507 1634 1565 nostrum
1654 1497 1697 1567 ab

59 1609 121 1677 illis
150 1608 341 1676 discessisse.
386 1608 472 1676 Cum
500 1631 577 1676 vcro
605 1606 716 1677 hanc
708 1609 881 1700 inspexeris
903 1611 1216 1693 commentationem,
1241 1620 1406 1715 Q
1418 1613 1560 1701 invenies
1582 1612 1702 1713 Carte-

60 1728 206 1792 sianum:
228 1725 368 1791 invenies
389 1726 421 1791 in
442 1726 545 1814 prima
567 1735 656 1816 porte
678 1723 808 1792 totidem
829 1722 934 1790 verbis
954 1721 1031 1790 illud
1053 1723 1200 1807 Cartesii,
1224 1724 1309 1815 quod
1330 1724 1424 1793 baud·
1436 1728 1479 1794 ita
1501 1710 1609 1796 multo
1620 1701 1702 1819 post

60 1801 237 1909 Leibnitius
264 1848 427 1929 umquam
456 1841 562 1908 rninus
589 1839 716 1907 lirmum
738 1838 977 1931 reprobavit,
963 1848 1018 1906 ·ut
1039 1837 1115 1906 nihil
1136 1863 1280 1931 unquam
1301 1839 1398 1908 veluti
1419 1864 1531 1910 verum
1547 1842 1692 1910 admitto·
1714 1862 1722 1995 q

63 1981 174 2038 mus,
201 1956 261 2025 nisi
293 1952 379 2045 quod
405 1964 471 2021 tam
502 1954 587 2023 clare
618 1967 649 2025 ιι
670 1955 812 2023 distincte
832 1954 945 2043 rationi
966 1963 1092 2022 nostrae
1113 1965 1207 2045 patet,
1227 1966 1264 2024 ut
1283 1955 1370 2024 nullo
1392 1957 1543 2025 modom
1564 1956 1696 2025 dubium

64 2073 187 2165 ·possit
207 2072 383 2151 revocari,·
409 2071 615 2139 —invenies
642 2073 676 2139 in
704 2069 801 2136 altera
823 2078 912 2159 parte
934 2067 1067 2165 Cauesii
1086 2068 1180 2150 illarn¹
1195 2073 1381 2166 sententiam
1404 2096 1468 2162 qua
1484 2071 1627 2163 judicare
1647 2000 1722 2155 ιιι]Ι

61 2186 160 2279 vdie,
182 2225 226 2236 -
249 2184 395 2252 obveniet
423 2187 476 2254 tibi
504 2210 578 2255 cum
607 2185 646 2255 de
674 2183 836 2253 aflectibus
858 2182 1029 2251 Leibnitius
1057 2182 1209 2274 loquitur,
1237 2210 1358 2276 eosque
1386 2188 1569 2256 Cartesiano
1597 2187 1695 2256 modo

60 2276 226 2392 tbmquam
247 2299 395 2367 libertatis
415 2303 559 2369 inimicos
580 2311 691 2368 tractat
697 2350 707 2382 ,
729 2301 837 2368 tritum
858 2297 938 2367 illud
960 2298 1108 2366 Cartesii:
1133 2298 1239 2390 ·quod
1260 2301 1337 2369 fides
1357 2325 1422 2369 non
1444 2302 1588 2370 habenda
1611 2305 1695 2371 sitei

64 2442 106 2485 -a
129 2439 194 2508 quo
213 2414 378 2505 aliquoties
400 2414 522 2508 decepti
542 2419 693 2498 ruimus„
718 2455 763 2466 -
784 2411 904 2482 videbis
933 2437 1008 2482 eum
1031 2415 1163 2482 Cartesii
1184 2439 1274 2485 more
1295 2421 1412 2485 lactum
1440 2440 1459 2483 ι
1481 2417 1611 2486 consilio
1639 2441 1694 2485 se-

60 2542 241 2625 parantem,
268 2528 344 2597 illud
370 2528 447 2601 huic
473 2542 730 2625 postponentem,
752 2570 797 2582 —
819 2529 908 2623 leges
935 2553 1012 2597 cum
1033 2530 1204 2599 meditandi
1225 2531 1366 2600 ordinem
1387 2529 1566 2614 laudatum,
1595 2556 1694 2625 quem

57 2647 175 2715 iisdem
208 2649 275 2713 lere
302 2645 406 2713 verbis
435 2645 573 2738 Spinoza
600 2647 632 2713 in
658 2655 792 2713 tractatu
820 2645 870 2717 dc,
887 2643 1062 2713 intellectus
1089 2646 1306 2715 emendatione
1333 2646 1620 2715 commendaverat
1647 2686 1692 2699 -

59 2763 188 2849 Quodsi
208 2784 285 2829 vero
307 2763 521 2850 expectaveris
542 2783 618 2828 cum
640 2760 680 2828 de
702 2760 809 2828 officiis
831 2784 908 2852 erga
928 2759 1007 2828 alios
1028 2759 1173 2828 homines
1195 2773 1322 2854 agatur,
1342 2760 1430 2829 illam
1451 2760 1506 2829 tibi
1526 2761 1694 2830 obvenitu·

57 2901 131 2946 ram
158 2901 231 2945 esse
259 2877 374 2943 amoris
402 2875 611 2945 definitionem
638 2899 736 2966 quam
758 2886 868 2965 postca
889 2878 959 2969 ipse
981 2886 1143 2967 tamquam
1165 2875 1291 2943 Etbiccs
1316 2876 1556 2945 tundamentum
1577 2875 1695 2958 laudat,

59 2996 180 3061 [rostra
216 3014 289 3059 eam
319 3014 469 3082 quaeres3
505 3015 602 3081 quem
629 2991 692 3059 hoc
718 2990 790 3059 loco
816 2990 924 3059 laudat
946 2989 1010 3059 Dei
1036 3014 1179 3060 amorem
1207 2997 1247 3083 (p.
1275 2984 1339 3077 74.)
1367 2992 1452 3060 idem
1481 3002 1529 3059 est
1554 3017 1593 3059 ac
1619 2993 1693 3082 Spi-

58 3104 542 3197 &Qjssssllffifflffi
563 3145 608 3156 -
629 3130 693 3175 non
716 3108 821 3175 minus
843 3131 917 3198 spes
939 3117 970 3174 te
991 3105 1085 3188 fallet,
1106 3108 1133 3173 si
1156 3107 1327 3197 quaesieris
1348 3103 1530 3176 harmoniae
1552 3117 1694 3198 praesta-

61 3222 170 3291 bilitae
192 3221 394 3303 mentionem,
415 3245 489 3289 nam
511 3219 649 3312 loquitur
671 3219 799 3313 quidem
820 3221 861 3289 de
884 3233 969 3290 arcta
989 3223 1069 3289 inter
1090 3223 1229 3289 animam
1251 3232 1283 3289 et
1303 3243 1418 3312 corpus
1440 3224 1566 3304 unione,
1587 3222 1644 3291 scd
1659 3233 1695 3290 ut

58 3338 240 3406 Cartesiani
259 3336 346 3427 loqui
368 3334 479 3418 solent,
501 3339 619 3430 quippe
641 3337 727 3428 quod
751 3337 974 3428 »cogitationes
994 3339 1134 3428 corporis
1155 3346 1262 3404 motus
1282 3335 1321 3403 ab
1335 3338 1464 3405 incunte
1477 3346 1579 3405 aetate
1593 3339 1693 3406 comi·

61 3464 168 3521 ιιιιιι
186 3463 287 3534 sunt,-
303 3492 348 3503 -
363 3455 535 3544 quaerenti,
557 3476 636 3520 num
656 3452 828 3521 Leibnitius
847 3454 923 3543 jam,
946 3455 1027 3521 sicut
1048 3452 1167 3544 postca
1190 3454 1329 3520 animam
1342 3475 1520 3542 numquam
1534 3454 1602 3519 sine
1616 3476 1691 3520 cor·
1747 3460 1751 3465 ’

56 3592 139 3660 pore
161 3570 294 3636 existere
315 3568 452 3660 ideoque
473 3578 576 3636 totum
598 3567 714 3635 animal
733 3567 910 3636 immortale
931 3592 1003 3637 esse
1025 3578 1149 3650 statuat,
1170 3566 1250 3634 baec
1272 3568 1494 3635 commentatio
1518 3567 1692 3656 responde·
1738 3542 1796 3605 s

58 3683 120 3751 bit:
147 3683 393 3752 -considcranda
415 3695 463 3751 est
484 3685 597 3751 mentis
619 3694 744 3752 nostrae
766 3683 839 3769 (hoc
861 3695 909 3751 est
930 3675 1121 3752 substantiae
1144 3684 1279 3774 quaein
1299 3681 1390 3749 nobis
1403 3681 1529 3748 conscia
1552 3688 1610 3766 est)
1632 3705 1691 3749 na·

61 3808 164 3878 -tura,
187 3808 344 3888 quatenus
366 3797 486 3888 absque
508 3822 641 3890 corpore
662 3800 802 3866 consistit
823 3808 918 3889 atque
939 3798 992 3867 illo
1013 3798 1108 3890 longe
1129 3797 1262 3866 nobilior
1283 3808 1330 3864 est
1344 3806 1402 3864 cte.
1436 3795 1518 3863 Hinc
1533 3798 1618 3863 enim
1631 3819 1693 3864 nos

63 3912 278 3980 ·immortales
305 3936 390 3997 esse,
423 3913 508 3981 illinc
534 3913 662 3981 caducis
690 3913 875 4006 corporibus
903 3912 988 3981 brevi
1016 3914 1161 4006 perituris
1189 3915 1400 4000 conjunctos·
1425 3950 1469 3960 —
1490 3909 1639 4003 Denique
1664 3912 1692 3977 si

58 4030 222 4119 rogaveris
242 4051 321 4096 num
343 4026 524 4112 Leibnitius,
545 4053 621 4097 cum
642 4027 704 4096 hoc
727 4028 874 4098 scriberet
895 4028 1055 4111 schedion,
1074 4031 1141 4120 jam
1162 4029 1313 4096 invenerit
1333 4025 1411 4096 illud
1434 4029 1608 4119 argumenti
1631 4051 1690 4094 on·

59 4142 188 4235 tologici
216 4143 302 4234 quod
329 4143 437 4212 dicunt
462 4146 587 4228 vitium,
615 4143 700 4235 quod
728 4166 811 4212 anno
838 4143 1077 4212 lllDLXXVlll.
1107 4146 1174 4234 jam
1200 4145 1421 4233 vituperaverit
1447 4145 1499 4229 (cl.
1527 4143 1584 4210 Νι.
1611 4140 1690 4209 Vlll.

59 4258 125 4350 buj.
147 4258 227 4344 cd),
256 4269 288 4328 et
315 4262 367 4327 cui
395 4271 505 4351 postea
532 4260 652 4328 mederi
679 4258 811 4340 studuit,
838 4255 1093 4351 respondendum
1122 4260 1179 4326 erit
1199 4257 1360 4349 negando,
1389 4281 1465 4325 nam
1484 4260 1517 4324 in
1538 4255 1600 4324 hac
1620 4258 1691 4346 ipsa

57 4376 325 4443 commentatione
347 4374 424 4444 illud
446 4386 668 4467 argumentum
689 4373 800 4443 iisdem
821 4377 887 4443 lere
909 4374 1012 4444 verbis
1034 4374 1218 4465 proponitur
1240 4373 1354 4463 quibus
1376 4374 1536 4441 Cartcsius
1562 4382 1594 4439 ιι
1614 4372 1689 4462 Spi-

57 4514 141 4559 nosa
163 4500 301 4558 utuntur.
348 4492 439 4576 Quae
463 4515 538 4560 cum
559 4493 602 4558 ita
624 4493 700 4572 sint,
728 4492 920 4581 argumentis
948 4490 1077 4557 internis
1098 4488 1269 4557 adductum
1290 4513 1343 4556 me
1364 4486 1529 4570 confiteor,
1551 4497 1587 4553 ιιι
1606 4485 1690 4553 hanc

58 4607 359 4675 commentationem
386 4609 416 4673 ci
444 4606 606 4698 adsignem
628 4608 770 4697 tempori,
800 4628 863 4696 quo
886 4604 1060 4673 Leibnitius
1089 4605 1265 4672 uCnrtesii
1287 4615 1318 4671 et
1338 4605 1496 4696 Spinozae
1525 4603 1690 4669 autoritate
1697 4622 1703 4703 p

59 4745 124 4790 non
148 4719 242 4812 plane
263 4744 333 4787 sese
355 4719 545 4790 liberaverat
589 4721 731 4803 Accedit,
761 4720 847 4813 quod
868 4721 983 4788 ductus
1003 4719 1180 4802 literarum,
1209 4719 1322 4809 quibus
1346 4717 1408 4785 boc
1433 4717 1583 4786 schedion
1608 4740 1695 4793 con-,⁴

58 4839 223 4929 scripturn,
244 4834 328 4902 idom
351 4846 407 4918 cst,
430 4861 526 4927 quem
547 4841 579 4905 in
600 4839 780 4929 fragmentis
802 4836 991 4929 quibusdam
1012 4834 1131 4903 Etbicis
1151 4835 1342 4903 Hanoverac
1363 4833 1435 4916 vidi,
1456 4832 1572 4925 quibus
1590 4829 1686 4899 Leib-

60 4955 158 5021 nitius
203 4949 327 5021 titttlum
349 4950 447 5020 dedit:
491 4951 545 5019 De
573 4952 748 5035 affectibus,
769 4964 802 5022 et
822 4953 876 5020 cui
895 4952 1079 5041 inscriptum
1102 4960 1164 5018 est:
1187 4947 1215 5016 d
1237 4947 1266 5015 d
1289 4952 1340 5017 1‘2.
1362 4949 1436 5040 Apr.
1460 4951 1555 5037 Q.
1598 4945 1689 5014 llaec

57 5072 235 5160 fragmenta
257 5069 397 5158 quinque
418 5065 562 5160 plagulas
584 5069 742 5137 continent
764 5078 795 5137 et
815 5089 891 5137 cum
906 5066 1039 5136 Cartesii
1060 5065 1100 5134 de
1120 5064 1181 5135 hac
1195 5089 1231 5134 ιι
1246 5066 1404 5134 ιιιιιιιιιίἰι
1417 5064 1498 5132 mirc
1512 5064 1687 5132 concinunt

1435 5184 1476 5246 „a
