3706 5828
700 339 1099 406 PRAEFATIO.
1613 352 1720 418 xm

74 481 233 543 autumet.
290 472 396 544 Tenet
421 495 482 545 nos
511 495 585 566 spes
611 472 699 542 brevi
727 475 833 566 ipsum
862 497 945 566 quae
968 474 1009 544 ad
1036 475 1198 543 historiam
1234 477 1362 545 iconum
1390 476 1534 550 Leibnitii
1567 498 1741 577 spectent*

72 587 303 680 evulgatamrm
325 612 406 672 esse,
428 612 503 658 cum
526 611 609 680 quae
631 589 672 656 dc
693 587 754 656 hac
776 612 812 657 re
834 590 920 679 apud
942 589 1140 658 Btihmemm
1162 588 1318 683 (hlagaain
1339 596 1389 662 hir
1410 595 1638 671 Kirchcnrecht
1660 615 1719 675 etc.

74 704 137 773 Ba
159 704 182 772 ι.
205 705 252 772 St
274 709 306 771 ι.
327 704 362 772 S.
384 704 584 790 315-3‘21.)
606 713 763 797 congesta
783 705 855 787 sint,
875 705 1006 773 ruinime
1026 706 1238 783 satisfaciant
1743 703 1760 727 ·’

165 817 267 887 ἰιιιιιι
293 817 489 910 siugulamm
511 819 715 909 scriptionum
737 817 925 887 Dutensiani
946 802 1035 901 sunt,
1063 820 1090 886 si
1115 821 1148 886 ιιι
1167 804 1316 890 Dutensii
1338 821 1474 893 editione
1496 833 1720 903 commentatio

73 931 202 1024 legitur,
221 931 454 1003 Leibnitiani
430 956 457 998 ιι
477 934 511 1001 in
533 932 762 1023 autographo
753 955 822 1023 rpse
844 933 971 1005 titulum
993 937 1247 1025 praescripserat,
1269 939 1335 1005 mci
1355 940 1387 1005 ιιι
1408 941 1446 1006 iis
1468 965 1550 1030 quae
1572 967 1612 1011 ex
1626 956 1718 1015 auto·

73 1046 205 1141 gnphis
224 1048 427 1137 inscriptione
449 1046 627 1115 carentibus
650 1049 810 1138 exscripsi
844 1046 976 1115 Praeter
997 1047 1124 1115 titulum
1146 1051 1262 1139 cuique
1284 1056 1563 1123 commentationi
1555 1063 1721 1169 inscriptus

73 1173 129 1232 est
150 1160 268 1244 aniius,
290 1184 354 1252 quo
377 1171 433 1230 aut
453 1164 597 1231 contecta
619 1170 682 1242 ιιι,
704 1168 760 1228 aut
781 1162 925 1230 coniecta
947 1164 1019 1230 ιιιι
1040 1162 1118 1233 'rnilri
1137 1162 1312 1233 videbatur
1356 1159 1523 1260 Denique
1534 1174 1722 1265 praescripsi

73 1279 194 1371 cuique
219 1275 325 1345 libello
350 1276 483 1345 ubinam
510 1278 650 1367 primum
673 1274 776 1343 editus
798 1277 854 1359 sit,
881 1279 943 1347 et
935 1279 973 1345 ιιι
995 1298 1079 1370 quae
1098 1278 1132 1345 in
1154 1276 1303 1349 Dutensii
1323 1278 1460 1352 editione
1481 1292 1607 1354 exstant
1626 1290 1722 1417 etiam

73 1392 140 1463 loci
160 1414 259 1484 quem
278 1391 322 1460 ibi
343 1401 451 1460 tenent
471 1394 666 1459 notationem
688 1390 795 1482 adjeci.

166 1509 338 1577 Postremo
365 1509 563 1577 confessione
590 1503 798 1597 comprobare
827 1514 967 1598 oportet,
1001 1506 1087 1600 quod
1112 1506 1265 1578 lectorem
1292 1510 1352 1578 etsi
1379 1507 1506 1591 vellem,
1524 1512 1629 1585 celare
1656 1538 1722 1588 non

74 1646 215 1710 possem
238 1623 354 1692 Dico
383 1645 528 1691 crromm
554 1619 856 1713 typographicorum
884 1644 1063 1691 numerum.
1114 1622 1201 1691 Cum
1229 1647 1294 1693 non
1321 1647 1361 1692 eo
1390 1624 1539 1719 degerem
1560 1627 1633 1699 loco
1656 1655 1721 1723 quo

73 1738 160 1811 baec
188 1739 283 1810 editio
311 1740 396 1831 typis
422 1736 648 1819 excuderetur,
680 1739 749 1827 ipse
775 1736 871 1807 unius
898 1738 1023 1806 tantuin
1048 1735 1250 1831 plagularurn
1276 1738 1453 1825 revisionis,
1486 1766 1585 1835 quam
1604 1768 1723 1821 vocare

73 1854 199 1937 solent,
232 1855 358 1947 copiam
379 1850 491 1934 habui,
520 1852 605 1922 unde
628 1852 695 1919 fieri
716 1874 781 1920 non
804 1852 906 1955 potuit
928 1854 1005 1944 quin
1025 1853 1185 1921 interdum
1207 1853 1322 1925 menda
1344 1866 1536 1940 remaneret,
1564 1882 1646 1951 quae
1668 1883 1721 1931 re·

74 1973 200 2051 visione
221 1966 319 2036 altem
341 1967 464 2035 detecta
486 1969 575 2059 foret
610 1967 706 2051 Quotl
728 1976 837 2035 tamen
858 1968 987 2037 minoris
1009 1970 1164 2039 momenti
1186 1978 1236 2036 est
1257 1992 1355 2061 quam
1378 1992 1461 2062 quae
1475 1994 1561 2042 nunc
1575 1976 1722 2046 monebo.

74 2086 295 2159 Decreveram
317 2091 355 2149 ut
375 2082 409 2150 ιιι
430 2081 623 2161 excudendis
644 2083 681 2150 iis
697 2105 779 2172 quae
794 2080 906 2173 gallice
920 2084 1100 2176 conscripta
1114 2094 1189 2153 sunt
1203 2082 1444 2176 orthographiae
1458 2084 1629 2159 hodiernae
1643 2113 1724 2161 usus

74 2202 299 2281 induceretur,
331 2196 379 2283 (id
400 2195 495 2288 quod
517 2206 590 2264 ante
612 2220 666 2267 me
688 2199 752 2285 jam
774 2197 917 2299 liederus
937 2208 1107 2267 ornaverat
1127 2200 1160 2268 in
1182 2198 1313 2269 edendis
1334 2196 1553 2287 Leibnitionis)
1585 2203 1723 2295 ideoque

75 2316 132 2386 vel
157 2318 191 2387 in
219 2315 265 2384 ιιι
291 2309 427 2405 plagulis
451 2334 537 2403 quae
558 2322 723 2403 tamquam
745 2309 938 2404 exemplaria
960 2312 1144 2404 typothetae
1164 2323 1432 2407 proponerentur,
1458 2313 1511 2383 vel
1531 2318 1565 2385 in
1587 2313 1724 2410 plagulis

76 2433 220 2515 excusis,
240 2453 287 2499 ea
316 2450 406 2520 quae
427 2451 523 2495 usum
550 2428 749 2518 antiquatum
774 2437 989 2517 sequerentur
1013 2430 1143 2497 mutavi.
1196 2429 1303 2514 Quare
1331 2452 1432 2521 quum
1453 2438 1528 2499 ante
1548 2452 1669 2500 annum
1689 2442 1723 2501 ιι

76 2546 244 2616 dimidium
264 2546 402 2638 patriam
420 2565 526 2610 meam
541 2539 708 2610 Livoniam
728 2542 910 2610 visitaturus
925 2552 961 2610 et·
971 2532 1108 2635 pertres
1126 2565 1253 2611 menses
1267 2532 1433 2612 abluturus
1447 2566 1561 2627 essem,
1583 2547 1723 2636 primunr

77 2663 205 2733 decrevi
226 2670 264 2729 ut
285 2678 343 2752 per
363 2657 426 2728 hoc
448 2667 575 2748 tempus
597 2666 757 2725 cessarent
773 2657 977 2749 typographi3
1000 2656 1057 2725 secl
1070 2679 1147 2725 cam
1160 2656 1340 2749 bibliopola,
1363 2659 1418 2750 qui
1432 2668 1565 2752 optaret,
1586 2661 1722 2731 nedum

77 2777 225 2847 abessem
245 2773 336 2866 prela
356 2774 549 2855 feriarentur,
571 2768 648 2840 mihi
670 2771 901 2854 contnnasset,
923 2771 983 2840 sibi
1006 2770 1134 2841 Gallum
1157 2772 1317 2864 quendam
1338 2781 1467 2865 praesto
1490 2796 1562 2843 esse
1583 2779 1636 2843 cui
1650 2798 1723 2845 cor·

77 2892 200 2986 rigendi
221 2891 388 2983 negotium
410 2889 630 2970 committeret,
652 2887 701 2955 his
724 2888 861 2956 conlisus
883 2909 948 2956 non
963 2887 1100 2977 amplius
1115 2910 1187 2959 sum
1201 2886 1384 2956 reluctatus.
1420 2886 1516 2973 Quod
1529 2912 1616 2962 nunc
1631 2889 1723 2959 doleo

78 3033 134 3079 rne
156 2996 276 3076 iecisse.
320 2998 408 3073 Nam
430 3002 532 3070 redux
552 3002 654 3070 lactus
675 3026 741 3072 ιιοιι
763 3001 868 3072 solum
890 3025 966 3071 eum
989 3003 1195 3069 commissum
1217 3002 1324 3070 inveni
1346 3025 1486 3071 errorem
1509 3028 1606 3097 quem
1626 3028 1724 3101 supra

76 3122 216 3195 iudicavi
242 3120 284 3189 ad
312 3129 369 3186 art
390 3116 462 3188 XL.
485 3116 532 3200 b,
560 3116 632 3200 sed,
659 3118 747 3210 quod
774 3141 851 3186 sane
879 3118 981 3209 magis
1010 3113 1232 3199 dolendum,
1224 3139 1257 3186 ιιι
1280 3116 1459 3209 quindecim
1482 3116 1618 3213 plagulis
1641 3143 1724 3212 quae

76 3241 198 3309 interea
224 3236 309 3327 typis
336 3256 476 3302 excusae
505 3243 610 3316 erant,
637 3242 705 3299 tam
732 3232 850 3301 multas
877 3231 1009 3300 mendas
1038 3232 1189 3323 conspexi
1214 3240 1253 3298 ut
1277 3230 1372 3301 hodie
1400 3235 1497 3303 etiam
1521 3257 1575 3303 me
1596 3236 1724 3325 pudeat

77 3355 116 3426 ld
134 3377 178 3424 ne
199 3354 316 3425 iterum
337 3350 487 3430 eveniret,
510 3346 587 3415 dum
610 3345 696 3415 aliud
718 3351 777 3415 iter
798 3351 945 3428 lacerem,
967 3345 1090 3412 amicus
1112 3346 1303 3431 carissimus,
1325 3345 1450 3440 collega
1463 3346 1726 3421 honoratissimis

78 3468 270 3550 Blancus,
293 3462 451 3535 ecclesiae
473 3460 660 3535 cathedralis
682 3461 846 3545 sacerdos,
878 3463 1039 3554 ingratum
1060 3458 1201 3531 laborem
1223 3460 1368 3554 plagulas
1389 3461 1551 3533 revidendi
1571 3475 1727 3535 consueta

77 3584 277 3657 humanitate
294 3581 337 3647 ¹in
364 3602 401 3646 se
426 3578 562 3667 recepit,
595 3599 735 3667 namque
756 3586 844 3644 unu
864 3577 1011 3645 sustinuit
1033 3572 1193 3667 diligentia
1214 3584 1250 3644 ut
1271 3598 1312 3643 ea
1333 3599 1430 3667 quam
1449 3579 1520 3669 ipse
1540 3580 1726 3672 recognovit

76 3700 175 3794 hujus
188 3696 341 3767 ¹editionis
362 3716 451 3788 pars,
474 3702 541 3760 tam
562 3690 729 3760 emendate
752 3713 869 3760 excusa
890 3692 933 3757 sit
953 3712 1052 3782 quam
1072 3691 1128 3759 vix
1150 3689 1217 3759 lieri
1239 3688 1321 3759 solet
1341 3692 1374 3758 ιιι
1396 3689 1517 3781 gallicis
1535 3689 1622 3762 libris
1638 3693 1726 3787 apud

77 3824 237 3887 nostrates
259 3810 425 3903 expressis
455 3806 632 3875 ·Con[essa
652 3805 733 3875 haec
755 3803 841 3874 volui
862 3828 904 3875 ne
926 3806 1020 3874 amici
1040 3806 1196 3875 honorem
1217 3803 1296 3873 mihi
1318 3826 1465 3898 arrogare
1485 3807 1610 3894 videar,
1641 3831 1725 3881 neve

77 3932 111 4000 ιι
131 3926 268 3997 mendae
288 3928 496 4018 imputentur,
517 3945 656 4014 quarum
677 3923 758 3990 ratio
780 3943 801 3989 a
822 3942 876 3989 me
898 3919 967 3988 solo
989 3931 1040 3990 est
1059 3919 1265 4013 reposcenda.

148 4042 297 4129 Quarum
324 4062 379 4109 eas
408 4060 492 4131 quae
520 4038 626 4131 ipsum
654 4059 785 4105 sensum
813 4044 996 4131 pervertunt
1017 4044 1055 4105 ut
1075 4046 1148 4105 ante
1170 4032 1342 4127 legendum
1363 4034 1560 4127 corrigantur
1580 4032 1726 4121 indicavi,

76 4168 232 4240 caeteras,
252 4156 395 4247 inprimis
417 4176 472 4223 eas
494 4175 578 4245 quae
600 4154 684 4221 circa
705 4160 896 4220 accentuum
918 4151 1010 4247 signa
1038 4158 1071 4219 et
1099 4148 1356 4242 orthographiam
1383 4146 1531 4242 gallicam
1558 4158 1725 4220 versantur

76 4276 227 4367 ignoscas
260 4292 381 4362 ‹praeso
413 4268 569 4338 benevole
602 4264 711 4335 lector.
764 4264 916 4358 Denique
943 4263 1006 4334 boc
1033 4262 1091 4333 abs
1118 4273 1150 4333 te
1177 4276 1271 4357 peto,
1304 4276 1342 4332 ut
1371 4266 1398 4332 si
1427 4264 1481 4332 tibi
1508 4288 1573 4336 non
1601 4264 1726 4359 placeat
1771 4250 1776 4258 ’

78 4386 238 4457 oblivione
260 4383 366 4455 delere
388 4383 483 4476 hujus
505 4383 649 4451 editioris
671 4379 812 4464 mendas,
834 4388 942 4450 tamen
962 4378 1074 4450 saltem
1089 4380 1192 4473 magis
1207 4377 1284 4470 quid
1296 4379 1507 4473 praestiterim
1529 4402 1627 4473 quam
1650 4378 1725 4472 quid

76 4498 264 4593 rebquerim
284 4498 511 4593 praestandum
532 4498 691 4589 respicias.
730 4494 812 4564 Vale
833 4493 976 4587 mihique
995 4496 1030 4565 in
1050 4503 1217 4589 posterum
1238 4496 1319 4565 [ave.

167 4690 270 4765 Scrib-
290 4689 394 4765 Halae
414 4692 581 4764 Saxonum
602 4688 687 4761 Non
709 4688 786 4784 Apr.
806 4686 1033 4761 leCCCXL.

854 5050 1079 5127 losttNEs
1105 5046 1380 5126 Enthltnth
1406 5044 1672 5121 ERDMANN.
