3706 5828
172 314 240 390 tto
364 386 369 404 ,
674 323 774 383 nxrv.
804 317 993 383 -mrsmm
1015 325 1069 383 no
1089 323 1317 383 nanscnmm

175 473 284 533 inehao
300 468 503 544 perceptionum
518 469 675 524 nostrarum
684 466 780 523 tatem.
800 465 869 524 Sunt
878 471 971 524 tamen
1010 466 1150 527 rnerrtibns
1162 467 1294 528 sevana
1312 471 1344 522 ct
1362 464 1435 541 quod
1450 465 1478 522 in
1494 470 1588 523 mente
1600 470 1644 525 est
1662 465 1808 543 proriten-

175 565 204 623 in
214 560 296 617 nobis
306 560 411 615 semina
421 572 527 629 eornm,
536 571 607 628 qme
616 556 758 628 discimus,
773 555 852 613 ideae
862 571 970 630 netnpe,
1011 557 1061 630 tia,
1075 555 1106 611 in
1119 572 1236 630 corpore
1250 557 1287 612 sit
1299 557 1396 612 fatum.

174 657 204 710 et
217 666 287 723 qnae
302 648 366 704 inde
380 652 536 718 naseuntur,
550 649 677 702 aeternae
691 646 833 701 veritates:
855 661 906 701 neo
919 644 971 700 mi*
1018 672 1022 679 ·
1057 645 1090 702 V.
1121 645 1213 701 Etiam
1233 645 1270 702 de
1287 644 1435 702 uirtutibus
1459 645 1601 718 praeclare
1620 644 1754 701 Platotrici
1778 649 1810 699 et

175 756 249 812 mm,
266 754 351 811 quum
371 751 444 810 ens,
464 749 580 806 unum,
601 734 829 805 subtantiam,
854 734 970 790 actio·
1010 734 1230 808 Stoicireteres,
1252 734 1420 805 rigidiorque
1438 738 1482 788 est
1502 734 1734 806 Augustinus,
1757 734 1806 805 qni

175 845 248 886 nem
263 833 292 883 et
305 827 408 882 similia
422 824 593 880 inveniamus
607 822 636 878 in
650 822 742 897 nobis,
760 827 789 879 et
801 822 890 879 nostri
903 838 969 879 eoo·
1011 838 1068 880 non
1082 827 1235 895 contentus,
1251 823 1281 878 in
1291 823 1441 878 virtutibus
1450 838 1547 879 eornm
1557 827 1809 896 perpetuaqumata

176 918 225 975 acii
239 917 348 990 animm
363 915 440 971 ideas
454 927 550 969 eorum
563 912 592 966 in
606 911 688 968 uobis
701 927 771 969 esse.
799 911 891 980 lenge
903 925 969 981 ergo
1011 913 1158 984 quaes‘nae,
1172 911 1248 983 quod
1262 913 1352 984 ipsum
1365 911 1483 967 nimium
1497 917 1548 984 est,
1564 912 1649 966 etiam
1663 916 1809 986 praeeqrta

174 1003 369 1081 praeferendae
381 1005 446 1059 mut
461 999 621 1058 Platonis
634 999 757 1057 Notitiae
766 999 886 1074 inmtae,
901 1015 971 1072 quos
1011 1000 1236 1075 Pbitoeopterum
1250 1001 1351 1072 nbiqao
1360 1017 1446 1074 prava
1453 1004 1542 1072 putat,
1556 1004 1698 1072 tamquam
1713 1000 1810 1056 omnia

174 1093 393 1152 reminiscentiae
407 1089 519 1146 nornine
533 1088 647 1161 velarit,
669 1088 780 1144 tabulae
799 1104 877 1145 rasae
890 1089 970 1145 Ari·
1011 1089 1063 1147 sub
1076 1090 1225 1146 beumtatis
1240 1091 1354 1146 nomine
1373 1089 1410 1145 ad
1430 1089 1542 1145 bardum
1555 1089 1707 1147 variatam
1721 1093 1750 1143 et
1762 1105 1808 1143 su·

176 1183 319 1240 stotelis
341 1186 369 1237 et
383 1177 508 1236 Loekii
528 1177 698 1250 aliorumque
711 1178 902 1251 reoentiorum,
922 1177 968 1250 qui
1010 1178 1134 1252 perbinm
1163 1178 1326 1235 retulissent.
1374 1178 1427 1234 Sed
1453 1184 1560 1234 constat
1587 1182 1696 1251 tamen,
1724 1193 1809 1250 saepe

176 1265 358 1342 ἕξωτερικιῢς
385 1266 619 1342 philosophantur.
663 1267 759 1338 ltaque
785 1266 983 1322 Platonemr
1010 1271 1085 1323 recta
1099 1268 1173 1342 ipsos
1187 1282 1243 1323 nou
1258 1283 1306 1340 spe
1317 1267 1442 1339 praemit,
1456 1272 1505 1323 ant
1515 1282 1620 1340 poenae
1634 1266 1745 1339 timore,
1757 1266 1807 1322 sed

176 1355 620 1417 AristotatietDcmocrito
633 1355 738 1411 utiliter
747 1354 968 1428 conjungendum
1010 1356 1121 1412 vittatis
1134 1371 1229 1412 amore
1241 1357 1446 1412 comrrrendasse
1465 1355 1596 1428 sapienti:
1618 1372 1709 1429 nequa
1728 1357 1807 1411 illum

175 1465 271 1505 oenseo
296 1447 331 1503 ad
355 1450 428 1502 recte
456 1443 711 1518 ptritoaoptandum.
749 1443 800 1500 &d
825 1444 969 1499 nonnullas
1010 1445 1119 1501 virtutis
1133 1461 1255 1501 amorem
1268 1444 1566 1501 ditferreadilectione
1575 1444 1707 1520 justitiae,
1723 1461 1808 1518 qnam

173 1522 292 1608 sepiae
312 1519 409 1600 δόξας
423 1535 452 1589 in
466 1548 562 1588 comm
576 1547 740 1605 unoquoque
754 1532 874 1606 expungi
887 1548 968 1606 opor·
1010 1535 1127 1590 inculcat
1141 1534 1379 1608 Augustinus,
1392 1549 1507 1607 eamque
1520 1533 1707 1603 adjustitiam
1716 1550 1808 1590 essen

175 1632 223 1683 tet.
257 1622 320 1681 Non
340 1625 411 1679 mate
433 1621 581 1679 Platonicis
596 1626 713 1694 quatuor
728 1623 755 1678 in
771 1626 863 1677 mente
876 1621 968 1697 cogni·
1010 1623 1116 1697 tiatenr,
1131 1623 1160 1679 id
1176 1627 1226 1694 est,
1241 1623 1330 1678 Deum
1345 1622 1434 1696 ipsnrn
1448 1625 1539 1694 refert,
1558 1623 1586 1679 in
1601 1639 1658 1697 quo
1671 1626 1734 1681 foas
1749 1624 1807 1679 veri

175 1716 264 1771 tiones
278 1718 469 1786 agnoscuntur,
484 1710 594 1783 Sensus,
610 1710 720 1783 Opinio,
742 1710 868 1782 Scientia,
885 1710 982 1766 lutet-t
1010 1711 1139 1785 bonique,
1154 1711 1228 1785 qnod
1242 1728 1293 1766 nec
1312 1711 1412 1767 Plato
1427 1712 1508 1784 plane
1522 1713 1677 1787 ignorabat,
1696 1728 1808 1784 semper

174 1804 275 1875 lectus,
297 1818 395 1875 nempe
415 1801 621 1873 Experimento,
641 1799 827 1874 Com'ectnrae,
849 1800 968 1855 Demon-
1010 1799 1157 1874 respiciens
1170 1800 1206 1858 ad
1221 1800 1425 1874 ipsumrernm,
1441 1783 1657 1871 adcoabqnie.
1678 1800 1808 1858 Sedei-

174 1892 272 1949 stratio
285 1897 314 1947 ct
327 1905 396 1963 para
408 1888 568 1960 Intellectio,
584 1902 653 1960 qnae
664 1888 788 1944 veritatis
799 1904 901 1943 nexum
912 1904 968 1943 ano
1010 1889 1138 1962 tosopbos
1158 1890 1252 1945 omnia
1272 1889 1307 1946 ad
1328 1905 1359 1944 se
1376 1890 1501 1945 retulisse
1522 1887 1619 1958 objicit
1637 1891 1807 1961 Augusti·

175 1983 276 2038 mentis
289 1981 344 2035 ictu
364 1977 504 2052 perspicit:
526 1975 599 2048 qnod
620 1977 680 2031 Deo
701 1977 729 2033 in
749 1976 880 2033 omnibns
893 1991 968 2032 eom·
1010 1994 1088 2048 uns,
1103 1974 1308 2050 creatumque
1322 1979 1392 2034 adeo
1405 1977 1566 2051 praetulisse
1580 1979 1704 2036 creatori.

174 2071 252 2144 petit,
275 2069 355 2125 nobis
375 2072 482 2135 tantum
502 2066 531 2121 in
546 2064 715 2141 simplicibus
728 2065 824 2122 datum
841 2070 892 2121 est.
927 2064 968 2121 Eo
1010 2100 1013 2117 ·
1054 2066 1101 2122 Vl.
1134 2066 1194 2137 Ege
1213 2083 1281 2123 vero
1295 2084 1407 2141 vereor,
1432 2083 1468 2121 ne
1482 2068 1549 2124 lraec
1563 2068 1649 2123 nimia
1669 2069 1707 2124 sit
1720 2068 1809 2124 subti-

174 2164 268 2217 uuen
283 2157 371 2230 mags
385 2158 415 2212 in
428 2152 642 2213 demonstrando
655 2154 909 2227 adintelligardom
923 2170 968 2211 ac·
1011 2154 1085 2230 litas,
1098 2156 1188 2231 quatis
1202 2172 1290 2231 nuper
1302 2155 1474 2231 quorundam
1492 2157 1582 2214 Deum
1603 2157 1691 2214 amari
1706 2157 1807 2226 jubeo·

174 2247 303 2320 aodimus,
323 2261 378 2319 quo
398 2245 477 2319 ptura
497 2244 624 2300 breviore
639 2250 763 2316 tempore
781 2243 966 2317 perspicimus.
1011 2245 1081 2300 tium
1102 2245 1178 2301 nullo
1200 2245 1287 2301 nostri
1302 2253 1433 2319 respectu.
1461 2245 1557 2318 Neque
1571 2246 1646 2300 enim
1661 2263 1712 2319 per
1726 2252 1806 2301 natu-

173 2338 295 2394 Mentem
310 2338 440 2406 nostram,
460 2334 511 2390 etsi
526 2349 544 2387 a
558 2333 618 2388 Deo
638 2333 767 2389 continue
781 2331 810 2388 in
825 2332 968 2389 existendo
1011 2350 1071 2389 ram
1085 2350 1177 2391 rormn
1191 2335 1249 2391 lteri
1263 2339 1361 2408 protest,
1381 2340 1412 2390 nt
1426 2335 1569 2406 qnisquam
1583 2351 1649 2391 suae
1668 2335 1806 2391 felicitatis

173 2425 334 2499 agendoque
351 2422 511 2496 dependeat,
531 2427 562 2477 nt
584 2422 674 2478 omnis
688 2425 820 2493 creatura,
842 2427 908 2495 puto
928 2426 969 2478 ta·
1011 2423 1144 2478 rationem
1158 2439 1213 2479 nou
1233 2424 1342 2479 babeat.
1375 2423 1428 2479 Sed
1444 2424 1531 2478 Denrn
1551 2423 1707 2479 amantibus
1721 2424 1805 2479 felici·

173 2530 238 2571 men
258 2530 314 2570 non
334 2512 454 2581 indigere
473 2510 602 2583 peculiari
623 2509 682 2579 ejus
701 2526 842 2584 concursu,
863 2510 969 2580 legibus
1010 2515 1054 2566 tas
1074 2512 1137 2566 inde
1156 2513 1268 2585 propria
1287 2512 1415 2569 nascitur.
1457 2511 1554 2585 ltaque
1572 2528 1656 2585 quum
1681 2513 1806 2569 nondum

173 2610 288 2659 naturae
301 2601 485 2674 superaddito,
499 2599 534 2654 ad
549 2599 734 2672 perceptiones
747 2614 824 2672 suas,
839 2599 886 2655 sed
897 2598 968 2671 eogi-
1010 2599 1157 2673 prodiisset
1174 2601 1361 2657 controversia
1381 2602 1416 2657 de
1435 2599 1646 2657 Mercenarii
1672 2607 1706 2658 et
1732 2604 1804 2657 reri

173 2693 291 2747 mtiones
305 2689 469 2762 posteriores
483 2704 519 2742 ex
533 2687 672 2761 prioribus
687 2687 769 2743 insita
783 2687 810 2742 vi
827 2686 968 2760 deducere,
1010 2692 1140 2746 arnoris
1155 2689 1374 2760 discrimine,
1395 2689 1497 2746 nodum
1514 2691 1644 2763 riderem,
1664 2695 1693 2746 et
1708 2693 1736 2746 in
1752 2692 1805 2746 Co

173 2780 323 2852 ordineque
337 2795 355 2833 a
369 2777 429 2833 Dee
449 2777 629 2850 praescripto,
655 2781 686 2832 nt
711 2783 782 2832 recte
807 2776 968 2849 Raetias,
1011 2777 1079 2833 dieis
1093 2777 1165 2848 juris
1179 2779 1301 2850 gentium
1320 2780 1487 2853 praelatione
1501 2780 1687 2857 dissolverem,
1708 2780 1805 2835 defini·

172 2884 255 2941 quem
268 2868 347 2922 citas.
390 2865 471 2931 Quod
490 2883 541 2938 ego
555 2865 640 2922 etiam
653 2864 688 2921 ad
709 2865 894 2939 perceptiones
908 2881 967 2920 sen·
1010 2866 1085 2922 tione
1104 2864 1240 2923 Amoris
1265 2867 1358 2930 albta,
1384 2883 1455 2940 qnae
1475 2884 1575 2939 magno
1594 2867 1804 2940 intelligentium

173 2956 295 3012 sibilium
317 2955 443 3011 extendo.
487 2955 578 3020 Quum
598 2955 672 3011 eninr
692 2970 742 3009 nec
761 2970 778 3008 a
798 2955 857 3010 Deo
878 2954 968 3008 infun·
1009 2955 1107 3028 plausu
1121 2960 1231 3027 accepta
1246 2960 1296 3028 est,
1317 2956 1429 3028 visaque
1442 2955 1566 3014 ‹leeidere
1579 2958 1664 3015 litem.
1699 2960 1805 3015 Aruer

173 3046 274 3102 dantur
294 3044 468 3116 miraculose,
493 3060 542 3100 nec
561 3060 578 3099 a
597 3060 712 3117 congrore
730 3042 844 3097 immitti
864 3040 988 3115 possintr
1009 3043 1083 3098 eninr
1100 3060 1215 3115 verns,
1237 3045 1284 3117 qni
1300 3046 1515 3102 mercenario
1530 3049 1688 3120 opponitur,
1702 3057 1743 3102 est
1759 3050 1805 3105 ille

172 3133 343 3206 naturaliter,
368 3148 535 3205 consequens
558 3136 615 3204 est,
646 3137 676 3187 nt
701 3147 749 3204 per
774 3130 966 3204 Harmoniam,
1010 3132 1109 3188 mentis
1131 3133 1252 3206 affectus,
1271 3147 1327 3206 quo
1347 3135 1460 3190 ferimur
1479 3134 1514 3190 ad
1533 3134 1723 3193 delectandum
1736 3138 1803 3194 atte-
1819 3124 1851 3201 '31

172 3222 256 3278 initio
268 3223 400 3278 divinitus
412 3220 638 3295 praestabilitam,
659 3219 690 3274 in
709 3219 803 3274 arrima
816 3225 890 3276 certa
909 3218 968 3290 lege
1009 3222 1067 3279 rius
1080 3221 1220 3279 felicitate.
1264 3221 1337 3279 Nam
1355 3222 1456 3296 quibus
1470 3222 1644 3299 delectamur,
1665 3241 1699 3281 ca
1713 3244 1762 3299 per
1775 3245 1805 3283 se

172 3315 324 3368 uastantur.
354 3311 385 3367 ld
405 3309 608 3384 sapientissimo
627 3312 737 3365 emtore
751 3307 868 3381 dignius,
884 3322 967 3380 quam
1009 3311 1170 3383 expetimus.
1192 3310 1288 3382 Porro,
1302 3327 1388 3385 qunm
1399 3312 1492 3368 divina
1502 3313 1618 3370 felicitas
1631 3315 1668 3370 sit
1678 3317 1803 3371 omniurn

171 3402 305 3474 perpetuo
323 3398 405 3473 leges,
421 3399 533 3479 corpori
548 3399 690 3454 animaene
709 3398 803 3471 elatas,
823 3397 967 3453 novisim·
1008 3400 1207 3472 perfectionum
1220 3400 1371 3475 confluxus,
1387 3404 1415 3456 et
1428 3401 1575 3458 delectatio
1587 3402 1623 3457 sit
1636 3420 1731 3459 sensns
1744 3423 1804 3477 per·

169 3490 358 3562 pressionibus
378 3488 489 3544 uiolare.
526 3487 638 3543 Interim
660 3487 697 3541 ob
717 3500 878 3544 concursum
897 3486 985 3551 divi-r
1009 3487 1147 3559 fectionis,
1170 3488 1232 3544 binc
1250 3505 1417 3562 mnseqnens
1436 3495 1486 3563 est,
1508 3506 1602 3548 reram
1614 3506 1673 3547 erse
1686 3492 1801 3549 felicita·

170 3593 249 3654 num,
269 3579 316 3651 qui
336 3578 433 3650 eniqne
451 3581 592 3631 creaturae
611 3577 741 3632 continno
761 3574 867 3648 tribuit,
889 3575 967 3647 quid·
1008 3581 1065 3633 tem
1079 3581 1188 3634 mentae
1202 3577 1302 3634 mentis
1316 3579 1343 3634 irr
1358 3595 1439 3635 sensu
1454 3579 1563 3636 divinae
1578 3580 1720 3637 felicitatis
1748 3583 1803 3639 lta·

169 3669 237 3743 quid
252 3667 281 3724 in
296 3684 329 3722 ea
339 3671 380 3722 ert
390 3665 571 3738 perfeetionis,
586 3668 678 3738 potest
687 3664 741 3721 dici
755 3663 893 3733 objectum
908 3664 967 3720 ani·
1008 3681 1070 3739 que,
1090 3667 1138 3739 qni
1152 3672 1265 3740 reetunq
1283 3682 1387 3739 rerum,
1408 3668 1520 3740 bonnm,
1537 3668 1645 3738 justum
1659 3677 1803 3744 quaerunt,

169 3766 234 3812 roae
247 3754 562 3811 extemnmessesolnm
573 3753 670 3825 Deum,
684 3769 773 3826 eoque
786 3768 865 3809 sensu
877 3754 966 3809 Deam
1008 3755 1111 3828 magis,
1138 3756 1201 3828 quia
1221 3755 1349 3827 delectat,
1370 3772 1453 3830 qnam
1472 3757 1537 3830 quia
1561 3758 1686 3831 prodest,
1708 3777 1801 3833 qnam-

169 3860 230 3900 esse
243 3845 278 3900 ad
295 3849 422 3918 mentem,
439 3847 469 3899 nt
484 3843 533 3898 tux
549 3840 584 3898 ad
599 3843 717 3898 centnm.
762 3842 836 3897 Ham
856 3847 898 3898 est
918 3842 967 3898 illa
1008 3858 1091 3916 quam
1111 3860 1142 3899 re
1159 3861 1225 3900 vera
1245 3845 1366 3901 maritae
1385 3846 1485 3919 prosit,
1507 3846 1527 3901 ii
1548 3848 1584 3903 ad
1604 3849 1738 3905 Amorem
1752 3850 1802 3905 Dei

170 3932 263 3988 divina
278 3933 306 3989 in
321 3933 403 3989 nobis
416 3933 538 3988 relucens
552 3931 670 4004 Veritas,
685 3931 720 3988 de
734 3946 790 4003 qna
804 3928 886 3987 toties
900 3931 966 3987 Au·
1008 3933 1130 3989 maxime
1152 3937 1216 3988 suot
1240 3935 1393 4007 praeparati
1413 3951 1449 3990 ex
1470 3934 1555 4008 ipsius
1577 3937 1713 3994 sententia
1733 3939 1801 3993 An·

169 4022 346 4094 gustirrns,
376 4036 493 4095 eumque
518 4021 547 4076 in
576 4036 608 4076 ea
637 4036 669 4076 re
697 4023 827 4093 seqnmm
856 4019 965 4077 Male·
1007 4021 1201 4094 gustiniqui
1216 4023 1324 4094 egregie
1338 4024 1466 4097 ostendit,
1482 4023 1572 4080 bonos
1587 4025 1799 4102 tirriDeoretle,

170 4108 364 4166 branchias.
1007 4110 1095 4184 rnalos
1109 4110 1160 4184 uti,
1175 4115 1204 4166 et
1217 4110 1325 4185 probat,
1341 4111 1414 4183 quod
1425 4112 1559 4168 Platonici
1575 4114 1715 4189 uolebant,
1728 4131 1801 4172 oern-

1007 4200 1189 4255 mutationem
1203 4199 1315 4256 Amoris
1325 4199 1412 4255 divini
1422 4217 1485 4257 cnm
1494 4201 1597 4258 oaduoo
1606 4219 1668 4260 esso
1677 4221 1801 4261 caussam

213 4286 260 4344 lv.
298 4285 429 4343 Animam
450 4288 478 4343 in
492 4287 544 4344 troc
558 4302 673 4360 corqrore
687 4286 760 4343 vetut
773 4299 881 4342 earcere
895 4300 963 4359 me,
1007 4287 1100 4361 lapsos
1113 4288 1278 4343 animarum.
1311 4288 1408 4361 Neque
1428 4290 1512 4363 igitur
1525 4296 1619 4349 nostra
1634 4293 1751 4350 felicitas
1764 4293 1801 4350 ab

169 4388 238 4432 sano
252 4391 330 4432 semu
352 4375 466 4446 intelligi
481 4381 581 4450 potest.
612 4375 663 4431 sea
678 4374 833 4442 abjicienda
847 4377 888 4428 est
902 4373 965 4428 Phi·
984 4370 987 4459 ἐ
1007 4379 1110 4433 Amore
1124 4376 1174 4431 Dei
1189 4375 1311 4448 separari
1326 4382 1425 4450 potest

168 4464 347 4539 losuptrornm
358 4465 590 4539 veternmopinio,
604 4462 678 4536 quod
692 4478 792 4534 comus
801 4462 965 4534 puenulissit
984 4462 987 4525 Ι
1051 4463 1112 4520 vlt.
1146 4463 1227 4520 Unde
1245 4465 1395 4531 Quietistas
1414 4469 1487 4525 male
1507 4468 1639 4539 Mystieos
1655 4471 1800 4545 explodas,

167 4568 261 4611 curem
290 4554 487 4626 intelligentiae
515 4555 581 4609 olim
608 4550 752 4625 metantis.
797 4549 867 4606 ltlud
891 4555 965 4607 recte
1005 4551 1441 4625 quiproprietatenrctactionem
1455 4557 1688 4615 adimuntbeutae
1697 4560 1800 4630 menti,

168 4648 281 4716 veteres
302 4645 424 4700 animam
444 4643 472 4698 in
496 4656 611 4716 corporo
634 4645 775 4712 tamquam
796 4640 826 4694 irr
846 4639 965 4696 statione
1005 4641 1083 4712 qnasi
1105 4656 1213 4698 surnma
1231 4648 1327 4700 nostra
1344 4646 1476 4718 perfectio
1495 4647 1523 4702 in
1550 4648 1662 4719 prassiro
1679 4647 1800 4720 quodam

167 4748 236 4806 esse,
252 4733 325 4788 unde
339 4731 444 4800 inirrssu
462 4732 563 4786 summi
579 4728 756 4801 Imperatoris
770 4727 900 4785 decedere
920 4729 963 4784 fas
1005 4733 1078 4785 statu
1092 4732 1236 4804 consistam
1257 4748 1341 4806 qnmn
1362 4737 1454 4790 tamar
1470 4751 1550 4791 amor
1564 4741 1591 4792 et
1606 4736 1724 4809 cognitio
1743 4737 1801 4793 sint

167 4830 225 4878 tren
239 4821 282 4877 sit.
326 4820 383 4877 Neo
398 4819 466 4875 illud
481 4819 629 4892 inelegans,
643 4816 816 4891 providentia
831 4832 882 4872 nos
895 4817 961 4889 regi,
983 4800 986 4877 Ῑ
1004 4821 1177 4892 operationes
1192 4823 1292 4878 mentis
1305 4838 1338 4878 ac
1351 4823 1508 4879 voluntatis.
1533 4824 1677 4881 Beatitudo
1691 4825 1802 4882 aninme

167 4924 221 4984 qua
240 4911 375 4966 rationem
395 4908 543 4980 acquirunt,
570 4908 674 4975 fatoet
698 4907 787 4962 instar
812 4905 962 4980 machinae,
1003 4908 1137 4982 consistit,
1153 4911 1246 4982 ntique
1260 4912 1288 4967 in
1303 4911 1405 4968 unione
1419 4929 1481 4968 cunr
1497 4914 1564 4986 me,
1581 4915 1666 4971 rnodo
1680 4930 1735 4970 non
1750 4932 1801 4990 pn-

167 4998 234 5055 dum
259 4996 399 5054 effectibus
425 4996 547 5054 feuimm.
590 4994 622 5051 ld
647 4994 722 5050 onim
748 5010 785 5049 ex
810 4994 962 5051 Harmonia
1002 5001 1100 5070 temus,
1121 4998 1264 5055 absorberi
1284 4999 1407 5056 aninam
1422 5001 1450 5056 in
1466 5002 1564 5073 Deum,
1580 5005 1757 5077 proprietate,
1773 5013 1802 5060 et

167 5087 355 5160 praestabitita
370 5085 450 5143 trodio
460 5085 540 5140 nobis
551 5088 721 5158 perspersum
736 5088 787 5156 est,
803 5085 893 5140 Deum
903 5099 962 5140 om·
1002 5101 1073 5158 qnae
1083 5087 1264 5144 substantiam
1276 5089 1415 5162 propriam
1421 5090 1479 5145 sola
1492 5092 1565 5164 facit,
1576 5093 1801 5159 actioneamissa‚

167 5175 213 5231 nia
228 5181 285 5233 tarn
306 5176 419 5233 mirifice
432 5174 589 5248 institutae,
609 5178 640 5231 nt
657 5188 805 5248 commune
820 5173 963 5232 machinae
1000 5174 1049 5249 qui
1065 5175 1154 5234 inatus
1167 5176 1248 5234 tuerit
1263 5162 1529 5252 ἐνθουσιασμός,
1543 5195 1634 5254 neque
1647 5182 1802 5256 expetenda
