3706 5828
631 329 717 389 nxv.
762 330 906 389 nurture
926 331 953 389 n
975 332 1030 390 m.
1052 330 1172 389 norm
1650 320 1720 393 tta

88 469 237 527 nefiano.
282 467 389 542 Nempe
410 467 525 541 qnidam
549 475 672 528 vetorum
691 473 884 531 mentionem
925 472 1038 548 perinte
1052 478 1084 529 nt
1104 472 1292 545 ntmerteo,
1318 474 1412 530 anima
1431 490 1488 530 non
1508 484 1644 551 superest,
1665 477 1718 533 nist

86 574 141 632 qne
153 562 317 631 statuerunt,
337 558 428 614 Deum
441 576 501 616 esse
513 560 655 634 Spiritum,
675 565 736 618 toto
755 562 883 618 mrirmso
926 579 975 637 per
988 578 1069 619 soum
1084 562 1150 617 Fsse
1162 561 1251 617 irteale
1265 562 1295 616 in
1308 561 1373 634 Deo,
1390 568 1420 618 ut
1434 563 1472 618 ibi
1484 565 1520 620 ab
1530 570 1642 620 aeterno
1655 566 1716 621 luit.

85 647 223 719 runnu,
237 645 287 719 qui
301 645 350 703 ubi
364 646 393 703 in
406 663 506 720 eorpus
517 648 678 721 munimur
691 650 805 724 ineidat,
824 652 883 707 ani-
969 652 1044 708 Vlll.
1076 650 1128 706 Serl
1141 650 1209 706 nitril
1224 649 1254 704 in
1269 650 1416 707 Platone
1430 652 1629 723 animadverto,
1645 654 1717 708 unrte

85 743 144 794 met
157 735 236 808 illud,
252 734 367 809 perinde
386 752 420 793 ne
438 736 536 793 v'entus
554 736 653 795 modos
671 739 790 796 muniens
808 737 838 796 iu
853 741 883 796 ti-
923 740 1060 814 ooltigam,
1084 740 1194 796 animos
1219 738 1357 811 propriam
1382 741 1435 795 sibi
1460 741 1641 799 substantiam
1660 758 1717 798 non

84 825 165 883 stalis
177 839 345 897 organorum
360 825 493 897 producit
516 825 642 883 Fortasse
654 827 692 883 ab
702 843 736 884 aa
749 827 884 885 aenmtis
923 845 1048 901 serrare3
1070 829 1143 902 quod
1165 827 1249 882 etiam
1263 844 1330 883 sane
1344 829 1545 902 philosophanti
1558 836 1638 886 extra
1652 848 1716 887 eon·

83 914 169 971 Stoici
187 929 246 971 non
264 912 460 987 abhorrebant,
479 918 509 971 et
529 915 581 970 litte
599 914 709 972 redibat
726 917 882 974 temnens
924 918 1087 975 troversianr
1100 924 1150 990 est,
1166 932 1253 988 neque
1272 916 1388 987 intelligi
1402 920 1540 974 contrario
1553 925 1643 993 potest
1656 936 1717 976 sen·

83 1019 169 1075 agens
179 1002 411 1076 evermerum,
425 1007 509 1075 atque
518 1003 606 1076 ipsius
615 1005 731 1062 tortasse
743 1004 882 1062 Aristo·
923 1007 1018 1080 tenua,
1034 994 1090 1063 nisi
1102 1007 1191 1063 Deum
1205 1009 1234 1061 et
1246 1005 1369 1061 aninum
1378 1021 1508 1082 eorporqr
1519 1009 1613 1080 lingas,
1629 1024 1717 1080 neque

86 1092 183 1166 telis,
198 1092 229 1149 in
241 1090 374 1149 omuibus
388 1090 548 1148 hominibus
562 1093 644 1150 idem
676 1093 720 1151 lta
734 1098 825 1151 morte
837 1111 880 1151 re-
919 1094 996 1151 enim
1008 1096 1089 1151 aliter
1102 1112 1139 1152 ex
1153 1096 1213 1151 Deo
1227 1093 1343 1167 animm
1359 1099 1500 1166 tamquam
1515 1097 1660 1168 particulas
1674 1096 1716 1151 rti-

85 1181 184 1238 ‹libant
197 1180 306 1237 aniune
322 1180 352 1235 in
366 1181 466 1254 Deum,
487 1185 520 1237 ut
533 1182 563 1239 in
575 1197 710 1239 oemnunr
723 1183 785 1239 riri.
814 1184 880 1240 Va·
921 1184 1023 1254 retlasq
1043 1184 1092 1241 sed
1107 1184 1170 1240 talis
1184 1183 1218 1240 de
1233 1183 1293 1239 Deo
1306 1188 1389 1255 atque
1402 1183 1495 1239 anima
1504 1184 1593 1257 notio,
1608 1185 1717 1240 aliunde

85 1270 260 1328 lentinum
277 1268 502 1345 Weigelium,
527 1269 575 1342 qui
593 1287 651 1328 non
671 1275 779 1328 tantum
793 1272 880 1329 vitam
920 1270 1041 1329 abstula
1054 1277 1105 1330 est.
1150 1273 1230 1330 Mene
1244 1287 1299 1327 non
1313 1288 1377 1345 pars
1397 1277 1448 1344 est,
1475 1272 1523 1329 sert
1542 1273 1717 1329 simulacrum

84 1359 197 1416 beatam
210 1357 341 1432 penthei
360 1357 449 1415 libero
467 1374 517 1432 per
531 1359 737 1417 Deitiuationan
750 1361 880 1436 explieat,
921 1360 1083 1436 divitritatis,
1104 1360 1364 1434 repraesentativum
1377 1360 1507 1433 universi,
1526 1361 1595 1417 rivis
1608 1361 1717 1419 divinae

85 1448 134 1505 sed
153 1453 183 1504 et
201 1446 305 1522 merim
325 1452 444 1504 mortem
457 1451 487 1504 et
499 1447 618 1521 quietem
634 1448 790 1518 hujusmodi
804 1466 880 1507 oona·
921 1450 1109 1508 Monardriae.
1131 1451 1192 1506 Deo
1205 1453 1297 1506 autem
1311 1465 1362 1505 nee
1371 1449 1526 1506 substantia
1537 1450 1565 1505 in
1577 1451 1716 1525 misereo,
1823 1488 1826 1493 -

86 1537 214 1609 mendat,
241 1535 340 1592 vetlem
364 1552 428 1592 eum
453 1536 516 1593 aliis
535 1536 677 1602 Quietistis
696 1538 880 1612 suqrieionom
920 1539 1040 1613 simplex
1058 1538 1169 1611 scilieet,
1191 1553 1277 1611 neque
1292 1555 1409 1611 persona
1428 1537 1457 1593 in
1472 1554 1523 1593 suo
1536 1554 1621 1607 regno
1636 1539 1716 1610 perit.

84 1625 184 1682 similis
191 1624 535 1698 sententinenoudetlisse,
549 1641 634 1698 qnam
643 1627 734 1683 firmat
743 1627 879 1702 inprimis,
921 1629 1040 1684 Animae
1059 1628 1165 1684 ratione
1184 1630 1308 1684 earentes
1325 1627 1508 1684 substantiam
1527 1627 1636 1699 habent,
1657 1627 1716 1682 teli-

83 1714 172 1788 qniso
185 1713 356 1771 loannem
370 1714 540 1786 Angelum
549 1715 675 1772 Silesiunr
685 1722 774 1789 noent,
784 1721 881 1775 suntor
920 1717 1012 1773 citetis
1030 1720 1059 1773 et
1077 1716 1205 1773 miseriae
1224 1717 1375 1787 ineapeoes.
1413 1714 1466 1770 Sort
1486 1715 1551 1771 uoto
1570 1717 1606 1771 art
1627 1732 1660 1770 ea
1674 1715 1716 1770 di·

83 1804 458 1861 Potnrstuursaororumnon
469 1803 672 1879 indagantium,
686 1805 765 1878 queis
771 1806 881 1863 titulus
920 1805 1008 1878 gredi,
1028 1821 1098 1879 qnae
1115 1807 1152 1861 sat
1165 1804 1384 1861 dissertationem
1399 1807 1475 1860 tuam
1497 1820 1553 1859 non
1568 1805 1715 1879 pertinem,

83 1889 881 1968 DerclrerubiniselreWanrlersuraun.Spinozrr
920 1895 1067 1967 literaeque
1086 1895 1296 1968 prolixiusmlas
1318 1893 1413 1949 finiens
1436 1893 1561 1964 gratulor
1582 1893 1633 1948 tibi
1655 1908 1716 1948 eru-

83 1981 163 2037 alitor
175 1981 275 2037 eodem
289 1979 434 2047 eudemo
448 1981 474 2036 ei
488 1997 544 2038 uua
557 1981 710 2039 substantia
723 1987 776 2058 est,
790 1984 880 2055 Derion
919 1983 1054 2040 ditionem
1074 1999 1138 2039 eum
1156 1983 1293 2057 sapientia
1313 1986 1371 2038 tam
1392 1981 1462 2038 bene
1481 1980 1667 2055 conjungenti,
1687 1985 1717 2038 et

81 2073 222 2127 creaturae
231 2068 291 2138 ejrrs
298 2069 522 2143 modilieationes,
537 2076 570 2128 ut
579 2072 681 2143 figurae
694 2071 725 2128 in
738 2088 802 2129 oern
814 2090 879 2130 eon-
919 2076 952 2129 ut
966 2071 995 2129 in
1008 2073 1149 2145 praeclaro
1163 2073 1215 2129 hoe
1228 2071 1320 2128 statio
1333 2070 1476 2127 ‹bmrmru
1489 2087 1594 2146 pergas,
1611 2072 1714 2128 hortor.

82 2158 157 2217 tium
171 2175 220 2234 per
234 2162 341 2219 nomn
355 2163 497 2218 meantes
515 2164 545 2217 et
565 2165 717 2236 pmmntes
753 2161 796 2219 lta
816 2161 878 2237 ipsi,
921 2158 1030 2219 Dabam
1044 2162 1217 2237 Honorem,
1234 2161 1286 2217 25.
1301 2160 1368 2217 Julii
1387 2159 1481 2217 ΠΜ.

688 2471 1105 2484 ι--ι-ι--ψ

826 2763 957 2854 LXV

460 2953 770 3075 LETTRE
825 2953 879 3073 A
933 2952 1019 3071 ΜΕΙ
1090 2952 1338 3073 COSTE

292 3171 362 3244 nn
398 3173 460 3245 m
495 3154 770 3246 nlcnssmn
807 3172 873 3245 nu
913 3172 983 3245 nn
1023 3173 1085 3246 m
1127 3169 1503 3246 couurnunncn.

818 3328 976 3338 -α-η

770 3421 1029 3512 1707.

155 3678 300 3746 (sparum
316 3687 393 3742 truta·
409 3687 517 3733 nondun
535 3686 617 3733 etttno
634 3688 775 3743 exemptum
793 3688 1018 3745 autographum
1036 3685 1190 3734 Bittiottroen
1207 3684 1278 3743 ro'qla
1295 3687 1447 3733 fluorem
1465 3676 1633 3735 munstur.)

432 3934 477 3991 ,A
491 3933 545 3989 llr.
560 3934 666 3991 Ceste
680 3931 699 3989 a
712 3933 840 3993 londres
920 3933 1005 3994 verite'
1018 3931 1168 3991 nemim
1177 3948 1230 4005 que
1241 3932 1311 3988 Dion
1320 3931 1418 4003 existe,
1432 3943 1486 4000 que
1497 3931 1560 3984 tous
1570 3925 1715 3999 tesangtes

187 4021 318 4079 liauorre
327 4038 359 4079 oe
376 4020 426 4079 te.
441 4022 477 4079 de
490 4023 577 4080 Debr.
596 4021 691 4078 rtet.
918 4024 1006 4081 droits
1021 4030 1085 4080 sont
1098 4022 1188 4093 egam
1201 4026 1279 4077 entre
1293 4036 1349 4076 eux
1362 4023 1423 4090 ete,
1438 4015 1508 4072 mais
1522 4017 1587 4073 dest
1602 4031 1655 4070 une
1670 4013 1716 4071 vti·

119 4111 154 4165 le
175 4126 244 4166 vona
263 4111 395 4167 runereio
415 4112 472 4168 tort
484 4112 520 4168 rte
540 4113 567 4168 ln
580 4111 813 4169 oommunieation
827 4110 876 4168 des
918 4111 970 4170 rite
990 4113 1165 4186 eontingente
1184 4126 1238 4183 que
1253 4108 1366 4178 j'existe
1384 4106 1452 4179 moi,
1471 4108 1500 4161 at
1512 4105 1581 4178 qu'il
1600 4120 1651 4175 ya
1665 4103 1726 4159 <tes
1835 4174 1839 4183 ¹

75 4197 215 4255 additions
232 4204 262 4256 et
275 4200 445 4257 eommtions
464 4197 603 4257 detuleras
622 4201 658 4256 rlo
671 4199 728 4257 Mr.
744 4199 836 4257 lootte
848 4205 877 4256 et
916 4219 998 4275 oorps
1013 4200 1081 4257 dans
1101 4202 1129 4257 la
1142 4204 1249 4272 nature,
1270 4197 1318 4269 qni
1332 4198 1394 4253 tout
1408 4195 1469 4252 roir
1489 4209 1526 4251 uu
1540 4193 1620 4264 angle
1634 4192 1713 4249 elioe-

73 4287 105 4355 je
118 4287 175 4343 suis
189 4287 253 4345 bien
271 4289 331 4346 nise
349 4289 423 4345 aussi
437 4281 619 4363 rl’apprendre
632 4305 731 4363 oeque
745 4305 815 4346 vous
830 4306 876 4346 me
895 4294 898 4341 t
918 4291 1050 4347 tirement
1065 4289 1148 4345 droit.
1181 4288 1233 4344 Car
1244 4291 1305 4343 tout
1320 4286 1449 4341 l'univers
1463 4283 1578 4356 pouvoit
1592 4282 1651 4337 stro
1664 4296 1714 4338 au·

77 4373 150 4430 dites
163 4375 199 4432 do
212 4393 246 4435 sa
258 4374 385 4435 detulere
394 4377 503 4452 ‹lispute
516 4395 584 4435 avec
597 4378 654 4436 Mr.
665 4376 820 4436 limbordn
836 4378 876 4435 la
917 4383 1051 4451 trement3
1073 4379 1100 4435 le
1113 4382 1213 4450 umps,
1234 4376 1349 4448 l'espooe
1362 4379 1391 4430 et
1406 4374 1434 4429 ta
1447 4370 1563 4429 mali'ere
1576 4371 1652 4428 etant
1665 4370 1714 4426 eb-
1811 4378 1815 4387 ’

78 4462 177 4521 libertd
189 4462 393 4524 rl'inditltirmoe
405 4481 454 4522 sur
467 4466 585 4539 laquelle
597 4473 670 4527 nette
683 4469 792 4542 disputo
810 4484 874 4525 rou·
916 4470 1055 4527 solument
1069 4465 1227 4523 indifferens
1240 4481 1298 4521 anx
1306 4477 1484 4521 mourerneus
1497 4464 1527 4517 et
1536 4477 1593 4517 eux
1606 4459 1714 4534 ligurus,

76 4551 129 4609 leit
147 4558 177 4608 et
196 4551 266 4611 dont
282 4571 352 4613 volu
370 4554 523 4613 demandes
535 4573 603 4614 mon
616 4559 771 4629 emtiment,
791 4554 875 4615 Mon·
915 4563 944 4615 et
958 4558 1029 4614 Dien
1043 4573 1061 4612 a
1073 4553 1161 4612 otroisi
1175 4554 1264 4628 parmi
1278 4569 1333 4610 une
1347 4550 1453 4609 infinite
1467 4549 1502 4606 de
1516 4549 1666 4624 possibile·
1681 4565 1714 4604 ee
1728 4624 1735 4633 ι

75 4641 158 4713 sieur,
180 4642 299 4700 uomirte
309 4644 380 4701 dans
393 4661 449 4702 nne
463 4647 584 4703 certaine
597 4645 733 4720 subtilite,
754 4662 807 4719 que
821 4663 874 4720 per
916 4647 983 4720 qn'il
1001 4644 1110 4716 jugeoit
1129 4644 1156 4701 le
1168 4643 1232 4717 plus
1243 4640 1420 4699 oourena'blo.
1464 4639 1537 4695 Mais
1550 4635 1600 4694 <les
1614 4636 1680 4709 qu'it
1694 4652 1713 4692 a

75 4731 111 4786 de
131 4747 199 4803 gens
219 4749 250 4788 se
268 4734 392 4790 souoient
405 4733 570 4809 d'entendre,
592 4740 620 4790 et
635 4735 704 4791 dont
724 4735 874 4807 oepemlmt
892 4686 895 4795 t
914 4735 1009 4809 moisi,
1024 4735 1046 4790 il
1060 4735 1119 4790 lnut
1131 4748 1242 4806 ιιιοιιιιι,
1258 4748 1312 4804 que
1325 4727 1646 4800 toutesteomprisrluns
1660 4740 1711 4781 son

76 4820 217 4894 hnmoop
230 4821 266 4879 de
275 4839 343 4896 gens
356 4823 523 4879 raisonnent.
545 4823 610 4880 Cela
623 4823 730 4880 revient
743 4820 798 4881 lta
808 4841 873 4882 oon-
914 4824 1006 4898 choix,
1027 4826 1056 4879 et
1068 4838 1123 4895 que
1137 4821 1196 4879 rien
1211 4838 1247 4879 ne
1261 4820 1366 4878 sauroit
1381 4819 1441 4877 titre
1454 4814 1566 4888 change,
1580 4813 1710 4887 puisqu'it

74 4908 225 4967 ιιιῶῐιιιίοιι
239 4910 274 4967 de
289 4913 317 4969 la
331 4909 469 4969 Neoessite
483 4911 559 4969 etde
573 4912 601 4968 la
615 4912 806 4984 Contingenea
913 4932 931 4970 a
946 4918 1007 4970 tout
1020 4911 1106 4985 prevu
1119 4915 1150 4968 et
1163 4909 1237 4984 re'gls'r
1257 4926 1311 4967 une
1329 4909 1382 4965 tois
1396 4923 1466 4982 pour
1485 4910 1583 4975 tontes,
1603 4903 1643 4958 tui
1662 4901 1711 4975 qui

121 4997 183 5053 Uno
208 4998 296 5058 verite
319 5007 363 5057 est
387 4999 590 5058 neeessaire
615 5003 725 5073 lorsque
749 5001 873 5076 l'oppnsri
915 5020 950 5061 ne
963 5002 1070 5058 sauroit
1090 4999 1177 5071 regler
1191 5001 1232 5056 les
1244 4999 1340 5057 ermes
1353 5015 1405 5071 par
1425 4995 1574 5052 tombeaux
1588 4998 1615 5047 et
1630 4988 1648 5047 ὲ
1662 4989 1710 5049 ba·

75 5085 208 5159 impiique
220 5089 431 5164 oontradietiou‚
447 5094 477 5146 et
485 5089 577 5162 quand
591 5091 644 5148 olle
653 5090 724 5147 n'est
732 5089 872 5170 point'ne
915 5098 964 5149 ton
978 5106 1084 5165 rompn
1130 5091 1171 5146 Do
1191 5094 1333 5161 sorteque
1352 5086 1393 5142 les
1413 5083 1508 5157 pr'rchr'ffl
1522 5084 1552 5136 11
1570 5080 1609 5136 lffl
1624 5096 1710 5137 11111111

73 5176 206 5252 nemin,
232 5195 270 5237 on
288 5180 416 5257 t'appstte
442 5179 680 5265 contingente·
722 5171 797 5239 G’est
820 5196 873 5263 rure
914 5179 981 5256 qu'il
999 5198 1019 5238 a
1034 5178 1102 5255 Juge
1120 5177 1139 5237 i
1153 5195 1255 5254 propos
1267 5176 1303 5235 du
1322 5177 1472 5315 permotis?
1483 5186 1561 5289 sm
1579 5169 1629 5229 (iffi
1648 5168 1711 5245 1³¹¹ss
