3706 5828
144 334 281 401 XXVlll·
772 331 1168 394 runnvsrto.

144 479 197 540 est
216 467 402 538 versione
423 462 664 559 germanico,
686 485 784 556 quam
799 464 958 534 Kbblerus
979 488 1062 535 nuno
1078 459 1282 534 leCCXX.
1301 458 1425 533 curavit
1445 469 1480 532 et
1496 460 1560 533 hoc
1579 459 1672 532 n'tulo
1686 461 1792 534 Jertse

145 582 257 653 edidit:
290 581 396 651 Herm
418 576 573 649 Gottlried
593 576 745 649 Wdltelm
767 602 831 649 von
853 579 994 648 Leibnita
1015 591 1074 648 etc.
1107 576 1280 647 Lehrsitae
1306 576 1388 646 iiber
1408 575 1461 645 die
1481 575 1706 669 Monadologie
1726 560 1800 645 etc(

144 696 249 789 Cujus
270 695 425 764 versionis
444 695 670 763 versionem
689 691 855 763 latinam
876 694 957 763 Actu
978 692 1098 762 Erudit.
1118 692 1273 785 Lipsiens
1298 693 1332 760 in
1352 689 1465 782 Suppl
1487 691 1582 769 Tem
1603 691 1671 761 Vll
1692 672 1792 760 1721'.

144 811 230 880 Sect-
246 806 308 893 ,xt
330 833 361 901 p.
383 809 460 879 500.
483 806 663 890 exhibuere,
683 808 728 885 ita
749 816 857 877 tumen
879 817 917 877 ut
937 808 1059 876 disertis
1080 806 1185 875 verbis
1205 809 1312 900 ipsum
1330 805 1522 875 Leibnitium
1543 804 1690 898 gallice
1710 827 1792 874 con·

144 926 309 1016 scripsisse
334 922 418 991 hanc
445 923 747 991 commentationem
773 921 1005 991 confiterentur.
1062 921 1170 1006 Quum
1196 922 1376 990 versionem
1400 918 1533 989 latinam
1558 921 1676 988 iterum
1695 916 1795 986 edidit

145 1059 230 1107 anno
251 1035 525 1106 thCCXXVlll.
546 1034 727 1105 Hunschius
747 1038 982 1106 commentariis
1002 1033 1199 1107 illustratam
1255 1034 1348 1105 Hanc
1375 1036 1479 1128 ipsam
1505 1035 1685 1101 versionem
1706 1029 1794 1123 apud

145 1149 342 1221 Dutensium
362 1149 499 1244 legimus
520 1149 584 1219 hoc
610 1152 791 1242 inscriptam
819 1148 927 1219 titulo:
960 1150 1167 1241 Principia
1193 1146 1476 1241 philosophiae
1504 1170 1575 1215 seu
1596 1146 1733 1215 theses
1752 1147 1792 1216 in

145 1266 315 1359 gratiam
335 1265 536 1355 Principis
557 1264 727 1356 Eugenii
749 1272 808 1331 etc.
830 1262 851 1331 l
873 1287 902 1335 c
924 1286 997 1357 pag.
1021 1266 1185 1332 stt-31.
1220 1261 1331 1346 Quum
1352 1272 1461 1330 tumen
1481 1260 1577 1331 nihilo
1592 1261 1793 1333 minus'con·

144 1387 254 1461 staret,
275 1379 509 1473 autographum
531 1379 762 1448 Leibnitiauum
784 1377 935 1472 gallicum
955 1378 1067 1460 luisse,
1099 1376 1162 1447 hoc
1180 1378 1289 1468 ipsum
1308 1376 1492 1469 investigari
1512 1375 1673 1445 debue'm
1717 1376 1795 1462 Qua

144 1492 179 1563 in
199 1515 235 1560 re
255 1492 389 1585 mirabili
408 1517 485 1564 sane
506 1496 556 1562 usi
577 1504 661 1576 sunt,
683 1517 821 1585 quorum
842 1492 988 1574 interluit,
1011 1493 1136 1583 effugio.
1196 1488 1324 1558 Scilicet
1344 1512 1420 1559 cum
1442 1513 1526 1559 anno
1548 1488 1793 1560 MDCCXVIlI.

144 1605 295 1699 vulgatm
315 1618 402 1677 esset
422 1607 503 1677 alius
523 1606 648 1679 libellm
669 1606 814 1678 Leibnitii
842 1610 962 1699 (quem
983 1628 1061 1676 mox
1080 1603 1300 1692 laudabimus)
1328 1614 1363 1672 et
1384 1603 1496 1697 gallica
1521 1604 1633 1696 tingite
1653 1606 1793 1696 scriptus

144 1729 181 1790 et
200 1720 303 1790 simile
322 1732 460 1792 tractans
482 1733 722 1815 argumentum,
742 1722 935 1791 Ludovicius
956 1723 989 1791 ni
1010 1718 1100 1790 lallor
1120 1720 1242 1812 primm
1263 1717 1350 1800 dixit,
1371 1728 1515 1793 nostram
1536 1717 1794 1811 hlonodologium

144 1855 248 1904 unum
270 1835 473 1929 eundemque
493 1837 610 1906 librum
638 1860 710 1912 esse
731 1848 828 1929 atque
847 1835 939 1905 illum
961 1837 1016 1928 qui
1036 1834 1227 1904 inscribitur:
1261 1831 1425 1923 Principes
1446 1832 1540 1903 dela
1560 1843 1674 1903 nature
1695 1842 1730 1902 et
1750 1831 1794 1903 dc

145 1943 179 2017 la
201 1972 306 2042 grace.
361 1950 509 2019 Eundem
532 1974 671 2021 errorem
692 1952 834 2020 invenies
854 1953 888 2022 in
909 1949 1017 2018 multis
1039 1951 1109 2041 ejus
1130 1945 1283 2039 temporis
1302 1943 1399 2030 libris,
1421 1969 1449 2014 e.
1472 1947 1574 2040 gn'in
1594 1945 1688 2018 libro:
1720 1946 1794 2016 Des

144 2060 314 2134 Preiherru
334 2087 399 2134 von
420 2063 561 2133 Leibnitz
582 2063 720 2135 kln‘nere
740 2064 898 2136 Schrillen
920 2076 979 2135 etc.
1002 2065 1072 2133 Jen.
1097 2064 1185 2131 1740
1207 2068 1240 2130 et
1261 2058 1338 2128 aliis.
1371 2100 1417 2113 -
1449 2063 1554 2154 Atque
1580 2061 1642 2133 illis
1663 2062 1795 2156 quidun

145 2197 206 2267 per
224 2199 279 2247 me
298 2175 373 2248 licet
394 2179 549 2271 ignoscas
594 2178 661 2249 Sed
681 2202 788 2249 nonne
808 2179 1011 2274 indignabere
1032 2177 1087 2247 ubi
1107 2175 1203 2247 hodie
1225 2175 1331 2258 etiam,
1353 2178 1413 2244 etsi
1433 2175 1466 2245 in
1486 2174 1635 2246 Dutensii
1656 2177 1794 2247 editione

144 2296 284 2380 utraque
315 2298 540 2364 commentatio
574 2316 639 2364 non
660 2296 838 2364 inveniatur
866 2294 972 2364 solum
999 2293 1143 2364 seduna
1165 2288 1297 2359 alterurn
1319 2291 1454 2383 excipiat
1475 2300 1508 2358 et
1529 2289 1569 2359 ad
1590 2289 1792 2361 collationem

144 2403 237 2492 qussi
258 2419 447 2493 provocent,
474 2411 507 2477 in
528 2409 711 2478 doctissimo
733 2432 810 2478 sane
832 2408 1052 2479 Tennemanni
1073 2407 1151 2474 libro
1173 2404 1328 2491 (Grundr.
1349 2403 1378 2473 d
1402 2403 1516 2473 Gesch.
1538 2404 1689 2495 ‹tt‘httt
1711 2403 1792 2477 a'cl

142 2514 295 2587 Wendtio
314 2526 476 2616 recognito
502 2523 619 2618 legeris
643 2547 715 2617 pag.
737 2527 804 2593 412
827 2534 860 2593 et
875 2526 961 2592 413:
985 2520 1120 2591 llierhcr
1135 2518 1261 2611 gehdrt
1282 2517 1480 2611 vorziiglich:
1512 2519 1683 2614 Principes
1698 2517 1793 2589 dela

142 2639 257 2699 nature
280 2642 313 2700 et
334 2635 374 2704 de
393 2635 426 2704 la
448 2660 613 2731 grace...
637 2638 734 2706 oder
754 2636 833 2706 lat:
864 2638 1022 2728 Principia
1049 2633 1278 2728 philosophiae,
1327 2634 1473 2704 Profecto
1501 2657 1567 2704 non
1593 2640 1709 2726 argues
1736 2656 1792 2704 me

142 2743 291 2836 injuriam
317 2749 428 2818 iecisse
457 2763 584 2820 nostrae
612 2754 723 2820 aetatis
750 2748 945 2843 philosophis
972 2774 1048 2820 cum
1075 2772 1172 2840 supra
1191 2746 1373 2840 neglectum
1399 2746 1471 2842 plus
1494 2751 1581 2840 justo
1600 2748 1791 2818 Leibuitium

101 2956 104 2961 1
144 2878 366 2949 conquererer.
420 2862 528 2932 Facile
556 2874 664 2932 tumen
685 2864 806 2931 mederi
827 2866 983 2953 potuisset
1003 2864 1078 2934 huic
1100 2865 1198 2934 errori
1219 2864 1247 2932 si
1268 2864 1339 2955 quis
1359 2862 1401 2931 ibi
1423 2872 1582 2932 scrutatus
1602 2873 1703 2946 esset,
1735 2861 1792 2932 ubi

144 2991 259 3040 eorum
280 2976 487 3067 scriptionum
510 3000 593 3069 quae
607 2978 750 3048 Leibnitii
770 2988 915 3069 ternpore
937 2980 1021 3070 typis
1043 3002 1181 3049 excusae
1203 2986 1279 3047 sunt
1300 2976 1498 3071 autographa
1519 2979 1692 3047 maximam
1714 3000 1790 3070 par·

144 3092 212 3154 tem
233 3099 453 3174 asservantur,
479 3092 513 3159 in
534 3090 731 3161 Bibliotheca
752 3090 854 3184 Regia
874 3092 1095 3163 llauoverann.
1132 3092 1249 3186 Neque
1271 3113 1354 3183 opus
1376 3090 1505 3182 quidem
1527 3101 1596 3160 erut
1614 3097 1792 3162 'scurtatore

143 3199 269 3270 occulta
296 3212 331 3272 et
357 3203 518 3274 recondita
544 3204 693 3298 detegere
715 3204 817 3275 solito.
872 3204 959 3276 Nom
981 3211 1056 3277 cum
1078 3207 1216 3277 scbedue
1236 3203 1451 3275 Leibnitianae
1472 3206 1513 3273 ibi
1533 3207 1568 3275 in
1589 3216 1714 3277 oenum
1734 3229 1790 3276 or-

148 3313 258 3384 dinem
279 3316 426 3388 redactae
447 3321 518 3404 sint,
540 3318 697 3389 evolventi
706 3318 903 3405 fasciculum,
925 3324 976 3390 cui
989 3324 1173 3414 inscriptum
1187 3330 1238 3390 est
1250 3342 1368 3390 nomen
1381 3318 1630 3412 hlonadologiae,
1651 3322 1792 3414 primum

143 3431 380 3524 autographum
402 3433 489 3523 quod
509 3436 542 3502 in
564 3458 678 3503 monus
699 3438 785 3504 venit
807 3435 859 3505 hie
879 3435 1003 3505 libellus
1025 3447 1073 3504 est
1095 3435 1207 3527 gallice
1228 3437 1440 3526 conscriptus,
1466 3434 1644 3505 secundum
1663 3437 1692 3503 is
1709 3433 1791 3505 libet·

143 3564 222 3614 cunt
249 3568 316 3638 quo
340 3544 395 3616 ille
420 3547 569 3618 conlundi
596 3546 693 3631 solet,
725 3572 843 3639 nempe
875 3550 1056 3643 ·Principes
1078 3550 1118 3618 de
1139 3547 1171 3617 la
1191 3557 1303 3618 nature
1325 3548 1418 3618 etde
1439 3548 1472 3617 la
1493 3571 1616 3642 grece·
1671 3548 1792 3642 Neque
1840 3554 1843 3559 ’

142 3655 279 3728 dubitari
309 3670 414 3754 potest
446 3665 521 3754 quin
547 3661 625 3731 illud
652 3662 884 3754 autographum
909 3664 994 3732 idem
1017 3667 1058 3732 sit
1078 3663 1119 3733 de
1141 3686 1206 3756 quo
1228 3659 1402 3732 Leibnitius
1422 3663 1603 3734 Remundio
1622 3664 1792 3757 scripserit,

143 3790 221 3840 eum
247 3775 281 3840 in
303 3777 370 3867 ejus
398 3778 541 3868 margine
563 3779 661 3869 ipsius
682 3776 828 3845 Leibnitii
849 3801 963 3847 manus
984 3779 1167 3848 indicaverit
1187 3775 1277 3846 locos
1299 3772 1529 3848 Theodicaead.
1582 3777 1694 3870 ltaque
1713 3777 1792 3850 huic

142 3883 225 3955 libro
246 3885 439 3957 reddidimus
452 3889 692 3981 blonadologiue
714 3887 840 3957 titulum
862 3902 972 3983 utpote
996 3895 1051 3984 qui
1070 3894 1192 3985 primus
1213 3893 1460 3984 interpretationi
1481 3895 1681 3986 germanicae
1694 3916 1789 3985 prae·

142 4000 279 4093 scriptus
299 4002 401 4084 luerit,
422 4012 456 4072 ct
474 4002 591 4074 librum
612 4013 739 4075 nostrae
760 4002 887 4075 editioni
907 4008 1097 4076 inseruimus
1119 4030 1194 4077 cum
1218 4007 1364 4076 omnibus
1376 4006 1439 4075 illis
1451 4006 1597 4079 Leibnitii
1608 4009 1790 4077 annotatio·

143 4113 245 4184 nibus.
289 4113 505 4208 Quamquam,
526 4142 628 4210 quum
648 4117 821 4188 Leibnitius
843 4121 945 4210 prima
966 4121 1186 4192 Theodieaeae
1208 4121 1345 4191 editione
1366 4144 1446 4190 usus
1466 4125 1523 4206 sit,
1554 4123 1589 4194 in
1610 4142 1674 4214 qua
1695 4145 1789 4216 prae·

141 4230 268 4299 tadonis
287 4231 423 4324 paginae
443 4253 508 4301 non
529 4236 669 4303 numeris
690 4233 748 4302 sed
767 4232 865 4303 literis
886 4243 919 4303 et
940 4237 1096 4304 asteriscis
1117 4238 1295 4327 signantur,
1316 4256 1448 4306 neeesse
1474 4238 1542 4321 luit,
1561 4246 1600 4308 ut
1619 4234 1670 4323 his'
1691 4238 1791 4332 signis

142 4365 221 4413 eum
241 4366 412 4417 numerum
433 4345 600 4439 adjicerem
621 4349 677 4440 qui
695 4351 730 4417 in
750 4369 826 4418 mea
846 4345 981 4416 editione
1002 4346 1110 4418 locum
1129 4347 1256 4417 indicat.

228 4455 415 4528 LXXXIX.
435 4458 615 4555 Epistola
637 4461 683 4531 ud
703 4485 778 4532 rev.
800 4463 958 4533 Putrem
979 4459 1063 4532 Des
1083 4462 1242 4532 Bosses.
1263 4462 1302 4530 el.
1323 4471 1430 4530 annot
1451 4461 1493 4532 ad
1513 4472 1571 4532 art
1591 4464 1688 4535 LXll.

229 4569 306 4640 XC.
339 4573 544 4668 Principes
571 4574 618 4645 dc
645 4573 683 4644 la
710 4589 853 4647 nature
875 4586 914 4646 et
934 4573 981 4645 de
1000 4574 1040 4644 la
1062 4599 1191 4669 gruce
1236 4574 1374 4646 Ubinam
1395 4578 1512 4670 scripta
1533 4579 1573 4644 sit
1594 4576 1675 4648 haec
1696 4601 1788 4650 com·

139 4685 303 4768 mentatio,
324 4696 359 4756 et
380 4710 520 4780 quonam
541 4713 634 4774 onuo,
657 4702 806 4761 accurate
827 4691 956 4761 delinire
976 4712 1042 4761 non
1063 4715 1205 4784 possum.
1240 4689 1483 4784 Autographum
1503 4690 1735 4763 Leibnitianum
1756 4696 1790 4766 in

139 4795 335 4870 Bibliotheca
356 4799 570 4874 llanoverana
602 4803 733 4875 eosdem
765 4808 900 4878 ostendit
930 4805 1093 4876 literarum
1125 4816 1247 4876 tructus
1280 4829 1361 4897 quos
1389 4804 1620 4900 blonadologia,
1664 4808 1739 4894 Quo
1760 4811 1790 4880 si

139 4909 282 4982 admmis
301 4919 478 5010 argumenti
498 4921 738 5013 cognationem,
758 4921 825 4988 veri
846 4920 1043 4990 simillimum
1065 4922 1138 5006 etit,
1159 4925 1245 4991 circa
1264 4919 1350 4990 idem
1372 4929 1500 5015 tempus
1520 4932 1690 5014 utrumque
1711 4945 1789 4994 con·

138 5026 289 5121 scriptum
315 5052 395 5101 esse
454 5032 529 5120 Quo
555 5033 652 5105 modo
679 5041 788 5103 autem
809 5036 929 5105 lactum
948 5038 991 5106 sit
1010 5046 1048 5106 ut
1068 5035 1149 5108 haec
1170 5059 1246 5108 cum
1266 5034 1320 5107 illa
1341 5036 1585 5107 contunderetur
1600 5040 1670 5131 jam
1690 5061 1789 5130 supra

139 5139 286 5217 trusus
329 5143 469 5243 vogin
490 5158 540 5222 esi
561 5151 701 5245 prmum
721 5151 849 5245 respo
870 5152 904 5225 n
924 5133 1088 5228 mentun
1110 5150 1239 5227 umus
1260 5152 1376 5248 quous
1396 5149 1508 5223 uuus
1528 5159 1595 5224 eu:
1622 5149 1790 5248 uenus
