3706 5828
609 299 657 362 IV.
679 305 856 362 neminen
870 305 923 361 AD
936 304 1167 364 Thomasmm.
1642 301 1683 367 51

54 443 245 501 minucius
258 443 354 516 libera,
369 443 428 500 sive
442 445 541 518 globis,
555 444 613 502 sire
626 446 767 518 cylindris,
789 447 849 503 sive
899 446 1036 504 rationem
1055 447 1127 503 aeris
1145 447 1181 503 ad
1200 451 1305 504 statuae
1324 449 1446 522 liguram,
1467 465 1538 523 quae
1556 451 1687 509 materiae

56 533 199 604 oralihns,
220 549 278 589 sive
296 533 360 588 aliis
379 533 577 605 sphaeroeide'rs
596 539 717 590 constet:
739 534 849 591 surrili-
899 536 935 591 ad
956 537 1083 593 formam.
1126 536 1270 593 Caetemm
1289 538 1403 609 figuram
1421 556 1481 595 esse
1493 539 1686 612 substantiam,

56 622 148 678 neitas
160 621 246 694 igihu
258 621 402 677 subtilium
411 622 530 694 partium
543 627 587 678 est
598 624 722 680 aoeidens
732 623 847 696 plumbi,
899 629 947 680 aut
961 625 1051 696 patim
1069 624 1189 696 spatium
1208 643 1266 682 esse
1284 625 1474 699 substantiam,
1495 629 1609 700 riguam
1627 645 1686 685 esee

56 710 238 782 Hydrargyro
263 726 329 766 vero
353 709 513 767 essentialia
557 711 640 767 Ratio
665 712 731 783 quia
755 711 849 767 omnia
899 713 1031 785 quiddam
1059 713 1248 786 substantiale,
1278 715 1472 787 probaveram,
1500 716 1566 788 quia
1594 716 1686 772 omnis

55 799 172 855 maalle
185 798 312 854 oriunhrr
324 814 362 854 ex
375 798 545 870 hydrargyro
564 815 614 871 per
632 800 701 856 salia
720 801 786 872 lixo,
806 816 848 855 se·
898 801 1012 858 seientia
1030 801 1068 857 sit
1085 802 1121 858 de
1138 801 1305 874 substantia,
1329 803 1488 859 Geometria
1506 807 1597 860 autem
1618 804 1686 877 quin

55 889 128 945 lium
141 892 236 943 autem
248 892 348 943 natrna
361 887 487 943 eomistit
500 887 530 942 in
544 888 637 959 tigrrris
650 888 798 944 reetilineis
812 888 848 944 ad
898 890 1011 946 seientia
1024 889 1062 945 sit
1074 890 1169 962 negari
1182 907 1241 946 non
1254 890 1348 963 poma
1380 892 1468 948 Fuere
1480 892 1528 964 qui
1541 893 1686 965 respoude-

56 977 179 1050 quietem
193 975 276 1049 aptis,
289 975 353 1031 hine
366 975 391 1029 si
403 975 473 1031 salia
492 974 523 1031 in
541 991 613 1047 aqua
630 977 730 1048 soluta,
749 980 848 1049 sponte
897 981 960 1035 rent
977 978 1057 1034 eitius
1075 979 1168 1035 locum
1192 978 1284 1053 afferri
1303 995 1321 1034 a
1339 996 1369 1035 se
1389 996 1481 1053 posse,
1503 995 1558 1052 quo
1576 980 1685 1037 Arist.

56 1064 274 1136 reeongelaseere
294 1063 425 1135 simmm,
451 1064 506 1121 alia
532 1065 573 1119 uti
598 1066 728 1135 chymieis
751 1070 849 1121 notum
898 1067 1084 1123 Geometrmm
1108 1084 1167 1123 esse
1190 1066 1332 1123 seientiam
1356 1068 1505 1141 negaverit,
1529 1084 1613 1140 qmm
1634 1085 1685 1142 eqo

55 1159 113 1226 ea,
139 1152 309 1224 tetraedriea,
334 1152 390 1208 alia
420 1152 590 1224 hesaalriea,
616 1153 771 1210 octaedriea
796 1159 847 1210 ete.
898 1155 1078 1228 produetmns
1091 1154 1153 1228 sim,
1173 1171 1228 1227 quo
1247 1156 1357 1211 ‹literit
1395 1157 1455 1229 Ego
1475 1173 1541 1212 vero
1558 1173 1618 1213 non
1636 1157 1686 1213 du·

55 1244 136 1299 rmlla
147 1241 266 1297 rotunda
284 1245 334 1297 aut
345 1240 496 1297 carrilinea
514 1247 672 1314 appareant
715 1242 787 1297 Hine
805 1258 849 1298 sa·
898 1244 967 1314 bito,
982 1260 1041 1300 eme
1054 1243 1146 1315 aliqua
1160 1243 1220 1300 loea
1234 1240 1452 1316 Aristotelis,
1466 1261 1536 1317 quae
1549 1246 1601 1302 hue
1614 1245 1686 1301 tralri

54 1331 97 1389 lia
113 1335 181 1387 srmt
200 1346 282 1387 eausa
308 1329 437 1399 fiximtim
462 1329 532 1384 salia
551 1329 635 1402 igitur
652 1332 701 1387 illa
721 1331 800 1386 aeida
818 1331 847 1386 in
898 1332 1052 1403 torquerive
1065 1331 1179 1404 possint,
1194 1333 1242 1388 sed
1256 1336 1349 1388 tarum
1362 1349 1396 1388 ea
1417 1332 1531 1389 infinitis
1549 1334 1611 1390 aliis
1625 1333 1685 1402 ejus

56 1426 147 1477 terrea
175 1419 324 1474 viseeribus
348 1418 517 1489 hydrargyro
547 1420 625 1489 quasi
657 1436 706 1492 per
731 1419 848 1475 minima
897 1420 1112 1476 mulesdorribus
1136 1421 1216 1476 obrui
1240 1426 1315 1493 puto.
1359 1420 1432 1486 Quid
1456 1422 1531 1478 enim
1556 1423 1686 1479 omnibus

54 1509 147 1565 mixta
161 1506 315 1581 impediunt
327 1506 539 1563 anahneomm
553 1506 709 1564 libertatem
722 1509 848 1564 interser-
897 1509 1108 1578 Analytieorum
1133 1508 1212 1566 libris
1235 1510 1445 1566 Geometrarum
1469 1511 1603 1584 exemplis
1633 1513 1686 1566 tire·

54 1599 142 1667 tione,
157 1600 187 1652 et
199 1596 369 1652 oomtituunt
388 1595 538 1650 metallum.
570 1595 604 1651 ln
623 1597 687 1669 igno
707 1613 772 1653 vero
792 1613 848 1652 me·
897 1597 1032 1669 quentius,
1051 1601 1083 1652 ut
1102 1596 1228 1653 rideatur
1240 1598 1486 1654 ‹lemomtrationes
1499 1598 1685 1655 Geometriem

55 1686 157 1743 talium
176 1685 250 1741 redit
267 1684 304 1741 ad
322 1688 450 1739 naturam
469 1684 658 1757 Hymenaei,
673 1682 752 1758 ¹ignis
772 1684 848 1741 eninr
897 1687 973 1741 velut
995 1701 1152 1741 mensuram
1174 1690 1342 1742 eaeterarum
1368 1703 1427 1743 esse
1452 1687 1577 1743 voluisse.
1620 1687 1685 1742 Jam

55 1792 85 1832 ee
99 1774 265 1830 interserens
277 1772 424 1829 subtilibus
437 1773 570 1844 partibus,
581 1777 672 1846 partes
684 1774 848 1829 mnilinms
897 1775 990 1847 inepto
1013 1773 1161 1846 ignobilius
1185 1774 1330 1830 nobilioris
1354 1791 1481 1831 morsura
1502 1775 1684 1832 eonstituitur.

53 1861 270 1934 bymargyrinas
282 1878 300 1916 a
314 1860 390 1934 plani
404 1861 497 1916 labris
509 1860 604 1917 salinis
616 1862 727 1933 liberat,
740 1863 803 1918 hine
817 1861 848 1917 in
898 1862 935 1919 Et
958 1879 1024 1919 vero
1048 1867 1106 1918 tam
1125 1861 1232 1932 abjeete
1256 1863 1291 1920 de
1309 1863 1509 1920 Mathanatieis
1532 1862 1685 1919 edrolastiei

54 1952 119 2024 igne
143 1951 242 2007 norm.
286 1950 330 2006 lta
353 1953 430 2022 patet
452 1949 503 2005 rix
522 1949 667 2022 quiequam
686 1951 718 2006 in
736 1949 848 2023 physion
897 1951 1016 2026 primum
1030 1955 1180 2024 senserunt,
1196 1952 1275 2007 omni
1288 1956 1390 2008 conatu
1409 1951 1438 2007 id
1457 1952 1576 2024 argentee,
1596 1956 1629 2006 ut
1647 1967 1679 2007 er

54 2039 233 2096 amelia
245 2055 314 2111 esee,
328 2038 401 2110 quod
415 2053 451 2093 ex
466 2041 615 2095 reformata
633 2056 690 2095 non
704 2038 849 2096 commode
896 2041 1076 2114 periectamm
1090 2039 1265 2096 scientiarum
1283 2057 1398 2096 numero
1410 2040 1549 2096 Madresiu
1560 2040 1685 2096 exclude·

53 2128 209 2202 explieatm·
220 2131 251 2183 et
263 2127 420 2183 illustretur.
896 2133 967 2184 rent.
999 2128 1102 2184 santra
1121 2129 1297 2185 manilertmn
1316 2133 1423 2184 textum
1443 2128 1635 2184 Aritotelis
1653 2127 1684 2187 in

98 2217 139 2274 Χ.
162 2216 199 2272 Et
212 2216 278 2272 haee
291 2215 401 2288 quidem
415 2216 543 2289 exempla
556 2215 624 2272 mihi
642 2216 679 2271 de
699 2231 762 2272 meo
776 2215 848 2272 inter
896 2217 969 2274 libro
988 2216 1015 2271 l.
1035 2217 1224 2290 posteriorum,
1239 2221 1307 2273 tent
1324 2217 1550 2289 arragonum
1565 2217 1686 2272 maxime

54 2305 232 2363 seribnrdom
245 2308 441 2375 areemrenmt,
456 2303 602 2362 innumera
609 2304 665 2361 alia
674 2304 712 2360 ab
726 2304 788 2360 aliis
799 2321 848 2376 per
896 2305 1044 2362 soierrtialis
1056 2309 1098 2360 est
1108 2305 1206 2378 prima,
1220 2306 1285 2377 quia
1304 2305 1513 2362 Mathematime
1525 2321 1559 2360 ea
1581 2304 1684 2360 laciuut

55 2399 145 2451 totam
165 2392 366 2468 philosophiam
383 2393 537 2449 naturalem
561 2399 751 2465 eongenmtnr.
786 2393 847 2449 llue
896 2393 1166 2465 demonstrationem
1195 2398 1228 2450 ut
1255 2394 1444 2467 Andrmdiea,
1469 2390 1627 2448 Geometria
1655 2397 1685 2448 et

55 2483 108 2539 ivit
120 2481 296 2540 Ghrissimus
309 2481 419 2537 Raeus
432 2481 462 2536 in
476 2481 553 2538 Clavi
567 2481 754 2554 philosophiae
768 2484 847 2537 natu·
896 2482 1068 2556 Perqreetira
1082 2487 1111 2538 et
1124 2499 1219 2538 omnes
1238 2498 1309 2554 quae
1322 2482 1407 2555 ipsire
1425 2486 1537 2555 propter
1556 2480 1624 2553 quid
1637 2480 1684 2536 de-

55 2571 131 2644 nte,
151 2575 185 2627 ut
203 2570 434 2628 Aristotelem
458 2571 654 2627 tenatioribus
679 2569 845 2642 eoneiliaret,
897 2571 1123 2626 monstrationem
1142 2570 1254 2627 laniunt
1285 2571 1406 2626 Utuntur
1424 2588 1459 2626 eo
1477 2569 1621 2643 praeeipne
1639 2585 1683 2625 ar·

54 2660 104 2733 qui
117 2666 214 2716 tamen
230 2659 268 2716 ad
282 2674 381 2715 manus
393 2675 451 2715 non
466 2659 525 2714 luit.
547 2659 643 2731 Neque
656 2658 769 2715 Raeus
782 2674 846 2714 eon·
896 2665 1034 2732 gumarto,
1055 2659 1129 2732 quod
1148 2675 1206 2715 non
1225 2674 1332 2732 semper
1351 2676 1387 2715 ex
1400 2658 1489 2715 euusis
1507 2659 1682 2714 demonstret.

54 2748 213 2805 ammom
226 2748 299 2804 inter
311 2747 541 2803 Aristotelem
560 2752 590 2802 et
609 2747 772 2802 recentiores
791 2747 846 2819 pri-
896 2749 949 2804 Sod
971 2749 995 2803 si
1010 2765 1069 2804 rem
1088 2747 1237 2820 eogitemae
1256 2747 1389 2819 amam,
1409 2747 1553 2821 apparebit
1570 2747 1683 2802 danen·

128 2837 260 2909 solesque
271 2840 322 2911 est,
337 2840 368 2891 ut
381 2835 493 2908 quidam
508 2836 534 2892 ei
554 2835 696 2903 objiciunt.
718 2835 846 2908 Prineepe
896 2842 982 2893 strare
996 2853 1058 2892 eam
1072 2852 1108 2891 ex
1121 2837 1217 2892 eaesis.
1239 2837 1416 2892 Demonstrat
1428 2835 1504 2892 enim
1517 2836 1631 2907 figuram
1644 2850 1682 2890 ex

53 2926 211 2998 Scaliger
223 2925 292 2981 mihi
306 2924 381 2980 nam
389 2925 650 2995 suavimevidetur,
664 2924 766 2979 nostris
779 2929 847 2979 tem·
896 2930 983 2997 motu,
998 2942 1025 2979 v.
1040 2943 1066 2998 g.
1080 2941 1117 2980 ex
1135 2931 1213 2981 motu
1232 2925 1325 2997 puncti
1340 2925 1428 2981 oritur
1446 2924 1528 2994 linea,
1547 2939 1585 2979 ex
1603 2926 1680 2978 motu

54 3015 171 3088 poribus
193 3013 380 3071 Kenelmus
404 3013 580 3084 Digbaeus
610 3017 639 3070 et
663 3012 723 3081 ejus
743 3012 846 3069 assecla
896 3015 985 3070 lineae
999 3013 1160 3086 superficies,
1174 3030 1211 3069 ex
1225 3019 1303 3069 motu
1322 3011 1471 3086 superficiei
1488 3027 1593 3085 eorpus
1637 3010 1681 3067 Ex

54 3104 204 3160 Thomas
217 3102 366 3174 Anglus,
380 3101 427 3157 ille
437 3101 468 3156 irr
481 3102 553 3159 libro
568 3101 722 3158 deminae
735 3101 847 3156 immor·
896 3107 975 3158 motu
999 3107 1089 3158 reatae
1114 3119 1196 3174 super
1218 3106 1292 3158 reeta
1311 3101 1400 3158 oritur
1422 3100 1601 3157 rectilineum.
1637 3099 1681 3155 Ex

55 3192 174 3261 alitate,
198 3190 244 3247 hie
266 3191 298 3247 in
320 3190 538 3247 institutionibus
561 3189 751 3264 peripateticis,
771 3190 847 3245 idern
896 3195 972 3247 motu
1008 3194 1098 3247 rectae
1133 3190 1205 3246 eirea
1239 3195 1371 3263 purretmrr
1408 3189 1554 3246 immotum
1593 3188 1682 3244 oritur

53 3296 91 3335 ex
115 3281 241 3354 polemo
265 3296 353 3352 egere
391 3279 448 3334 Nee
472 3280 606 3338 abludunt
630 3283 690 3335 tum
714 3278 846 3334 Abdias
895 3280 1018 3351 eheulus,
1033 3283 1084 3335 ete.
1103 3278 1324 3335 cnmtmetiona
1336 3280 1483 3351 figurarum
1496 3281 1560 3334 arnt
1573 3280 1681 3347 motus3

54 3368 170 3439 Trerr,
199 3372 260 3423 tum
287 3367 413 3441 inprimis
442 3368 617 3423 Erhardus
645 3366 845 3439 Weigelins
892 3367 954 3438 jam
972 3384 1008 3423 ex
1027 3367 1272 3423 eonstmetionibus
1295 3367 1452 3424 offertiones
1469 3367 1504 3423 de
1524 3364 1616 3438 iigmis
1635 3364 1682 3420 de-

54 3457 195 3513 llaetenm
208 3472 288 3529 posse
302 3459 411 3511 tantum
424 3456 564 3512 conciliari
578 3459 718 3511 ostensum
732 3461 783 3528 est,
802 3472 846 3510 su·
895 3459 1090 3513 monstrantur.
1134 3456 1208 3528 Ergo
1227 3471 1263 3511 ex
1276 3459 1362 3528 motu,
1382 3461 1411 3512 et
1424 3471 1473 3528 pa·
1484 3469 1650 3526 eonsequens
1662 3469 1682 3508 a

54 3549 146 3619 quest
159 3549 192 3600 nt
206 3548 390 3600 monstremus
403 3549 433 3599 et
445 3543 551 3600 (lebete.
579 3543 687 3600 Scilicet
705 3543 846 3599 Aristo·
895 3545 989 3618 priori,
1004 3549 1083 3600 etex
1101 3560 1192 3599 sarna
1223 3544 1381 3599 Geometria
1394 3543 1477 3615 igitur
1489 3558 1554 3598 rem
1567 3540 1681 3598 edentia

54 3633 191 3689 telesia
206 3632 227 3688 8
241 3632 319 3705 phys
340 3631 459 3687 Auditus
472 3632 560 3703 libris,
576 3631 642 3703 quid
656 3631 731 3687 aliud
747 3635 847 3688 tractat
894 3638 945 3690 est
977 3634 1050 3706 ligo
1064 3649 1122 3688 non
1136 3632 1224 3688 inrito
1238 3632 1433 3687 Aristotele
1452 3629 1589 3697 objectum
1608 3628 1680 3700 mm,

53 3738 139 3795 qm
154 3722 279 3794 figuram,
294 3720 519 3793 magnitudinem,
535 3726 648 3790 motum,
664 3720 763 3792 locum,
778 3725 846 3775 tem·
896 3737 994 3794 nempe
1007 3721 1136 3794 spatium,
1151 3720 1304 3777 substantia
1317 3719 1379 3775 erit.
1420 3717 1514 3789 Neque
1531 3733 1597 3774 vero
1610 3718 1680 3774 adeo

54 3811 123 3884 μιέ
145 3809 172 3865 si
198 3825 266 3881 nge
287 3808 410 3882 eorporis
433 3809 463 3864 in
488 3825 586 3879 genere
611 3813 710 3863 natura
735 3808 777 3864 his
798 3809 846 3864 ab·
895 3809 1044 3867 absurdum
1057 3815 1107 3881 est,
1121 3809 1307 3864 Geometriam
1317 3824 1397 3880 agere
1409 3805 1444 3861 de
1458 3807 1546 3862 iornra
1554 3806 1681 3862 substan·

53 3894 187 3970 salvium
214 3898 338 3970 eorporis
366 3898 396 3953 in
425 3896 514 3969 speeie
541 3900 639 3952 natma
672 3896 722 3951 tali
750 3897 845 3968 figura,
896 3897 956 3953 tiali
980 3914 1133 3971 eorlronun.
1171 3897 1241 3952 Faue
1257 3896 1333 3954 enim
1357 3895 1448 3950 locum
1468 3888 1680 3951 Aristotelis

55 3987 104 4044 ati
118 3986 310 4060 mgrdmdine
323 3992 373 4042 ete.
388 3986 553 4041 absolvetur.
591 3985 627 4041 Et
647 4001 713 4040 vero
733 3984 774 4040 ait
788 3984 846 4057 ipse
900 3986 948 4040 13.
967 3986 1034 4041 hiet
1054 3990 1122 4042 text.
1145 3985 1173 4038 3.
1191 4000 1246 4056 quo
1271 3999 1398 4056 expresse
1416 3982 1498 4054 dieit,
1520 3982 1680 4038 Geometras

55 4076 116 4131 lib
132 4076 163 4132 3.
184 4079 269 4132 text
291 4076 342 4129 24.
355 4075 449 4148 phys.
480 4074 586 4130 Arist.
605 4077 846 4132 omnemnatura·
895 4075 1082 4130 abstraheres
1096 4072 1219 4143 nrateria,
1238 4073 1292 4128 fine
1304 4077 1333 4127 et
1345 4071 1492 4142 effieieute3
1511 4087 1567 4143 quo
1580 4087 1680 4144 suppo·

55 4165 110 4219 lem
123 4164 270 4219 erimtiam
283 4180 341 4219 me
355 4164 426 4219 eina
437 4163 653 4235 uragnitudinem
669 4157 728 4238 (eui
743 4161 846 4217 scilieet
868 4162 873 4207 Ι
895 4163 950 4220 sito
963 4162 1092 4234 sequitur,
1113 4165 1144 4216 ut
1163 4161 1208 4216 vel
1221 4161 1256 4215 de
1275 4162 1363 4216 tonna
1382 4159 1555 4216 substantiali
1573 4159 1618 4216 vel
1636 4175 1679 4215 ae·

53 4246 300 4328 mnmxaiigma)
315 4258 421 4309 motum
435 4256 464 4308 et
479 4256 593 4326 tempus.
620 4252 697 4308 ldem
711 4249 845 4306 Aristo·
895 4251 1024 4308 eidentali
1043 4254 1114 4322 agat
1146 4249 1199 4304 Sed
1220 4265 1276 4304 non
1294 4247 1401 4321 agitde
1419 4247 1593 4319 aeeideutali,
1613 4247 1679 4319 qnia

55 4341 144 4399 telee
162 4341 268 4414 peednr
279 4341 330 4413 ait,
349 4342 406 4396 Eue
426 4341 528 4396 mobile
547 4341 674 4413 physicae
693 4337 845 4407 subjeetum
895 4343 985 4397 forma
999 4337 1172 4395 accidentalis
1192 4337 1223 4392 in
1236 4354 1286 4392 sna
1300 4336 1458 4393 delinitione
1475 4335 1544 4393 roeli
1561 4336 1679 4393 involvit

54 4446 123 4503 ue,
141 4429 299 4486 netmalenr
316 4429 460 4486 mantiam
483 4412 563 4502 agr're
582 4428 697 4484 materia
711 4431 739 4482 et
751 4431 844 4482 motu:
895 4428 1046 4497 subjeetum
1060 4427 1090 4482 in
1104 4442 1160 4497 quo
1172 4431 1222 4497 est,
1242 4442 1290 4481 sen
1309 4425 1462 4496 materiam,
1481 4440 1567 4497 quum
1585 4428 1679 4481 tamen

55 4518 117 4592 lpas
139 4534 253 4591 quoque
275 4518 400 4573 omnium
423 4534 494 4589 qaae
511 4517 542 4572 in
561 4516 755 4573 sublunaribns
777 4516 845 4571 fiunt
868 4504 871 4521 “
894 4516 1112 4572 Aristoteles
1126 4513 1397 4570 ‹lieatGeometriam
1415 4513 1680 4569 amateriaabstra·

55 4622 166 4663 mm
181 4605 249 4662 sarit
262 4606 376 4661 eoelum.
407 4607 471 4661 Janr
484 4607 599 4678 eoelum,
619 4605 668 4677 ait,
694 4620 751 4659 non
765 4621 845 4673 agere
894 4606 971 4662 here:
991 4604 1065 4674 argo
1083 4603 1241 4659 Geometria
1258 4603 1317 4675 agit
1335 4602 1370 4658 de
1388 4604 1477 4658 forma
1497 4601 1678 4658 substantiali.

56 4694 85 4751 in
104 4694 240 4753 meante
257 4693 311 4749 uisi
330 4711 380 4768 per
405 4699 519 4749 motum.
551 4695 645 4750 Motus
670 4697 762 4748 autem
787 4707 844 4749 non
894 4694 965 4749 Hine
979 4691 1046 4747 mihi
1060 4691 1126 4747 haee
1138 4691 1267 4748 annena
1280 4691 1332 4746 sub
1346 4690 1475 4746 manibus
1486 4690 1607 4746 nascitur
1619 4689 1679 4762 pule

56 4784 184 4857 proderit
200 4782 258 4838 nisi
278 4787 384 4838 motum
402 4787 451 4839 aut
469 4782 601 4838 terminos
620 4786 725 4852 motus,
746 4796 845 4855 nempe
893 4782 958 4838 elrra
985 4781 1120 4853 qrraaiam
1143 4780 1316 4837 seientiamm
1340 4778 1498 4851 lunisonis,
1523 4794 1621 4850 nempe
1647 4793 1679 4833 re

56 4871 275 4945 mgnitodinem
288 4876 318 4927 et
330 4872 453 4944 figuram,
472 4876 501 4926 et
514 4888 550 4927 ex
564 4871 605 4927 his
618 4869 794 4925 resultantem
808 4869 844 4925 si-
893 4873 989 4926 ermete
998 4885 1145 4943 perpensat
1159 4868 1306 4940 'lheologia
1319 4884 1366 4924 sea
1377 4867 1563 4940 Metaphrsiee
1572 4865 1629 4937 agit
1643 4866 1679 4922 do

56 4964 123 5035 tun,
137 4952 302 5017 distantiam
314 4964 366 5016 ete.
396 4960 441 5017 Ex
453 4959 495 5015 his
509 4959 592 5033 igitur
605 4957 700 5013 omnia
713 4957 844 5030 explicari
893 4975 984 5017 rerum
997 4958 1140 5029 efficiente,
1154 4973 1252 5029 nempe
1265 4961 1364 5029 mente,
1379 4955 1552 5028 Philosophia
1566 4955 1679 5010 moralis

57 5047 156 5107 deberet
169 5049 202 5106 in
215 5047 394 5106 natmalrbns
425 5048 503 5105 Idem
516 5047 730 5105 Aristoteles
743 5046 845 5119 lassior
894 5045 959 5121 (seu
972 5047 1091 5120 praetiea
1110 5046 1153 5101 rel
1172 5045 1270 5118 eirilis,
1288 5061 1363 5118 nam,
1382 5048 1414 5100 ot
1427 5060 1446 5099 a
1464 5047 1492 5099 te
1510 5043 1602 5114 didici,
1622 5060 1678 5098 una

58 5136 104 5209 ait,
123 5137 171 5207 (in
186 5137 236 5207 lib.
262 5136 289 5192 1.
303 5137 339 5194 de
357 5137 434 5211 prins
454 5137 517 5195 aud.
536 5140 604 5193 text
620 5128 685 5211 69.)
704 5151 768 5191 eam
785 5152 845 5193 esse
868 5148 872 5217 !
893 5136 1043 5210 eademque
1056 5134 1170 5192 seientia
1182 5126 1241 5210 est)
1260 5133 1319 5205 agit
1332 5135 1367 5191 de
1380 5148 1471 5191 rerum
1490 5133 1557 5205 iisse,
1578 5149 1677 5205 nernpe

232 5250 242 5259 .
1270 5215 1313 5274 ρ·
