3706 5828
838 448 962 541 LXI.

402 625 727 701 onsenvmro
760 629 826 699 nn
859 626 1228 702 uucnnsronmr
1265 628 1400 703 emm

161 793 271 913 DE
339 794 554 915 FIDEI
619 796 724 917 ΕΤ
791 796 1159 918 RATIONIS
1231 797 1638 943 CONSENSU

294 1013 488 1074 anonimo
514 1015 731 1083 JAQummt)
754 1016 873 1096 uului,
896 1017 1024 1077 MENSE
1048 1016 1205 1077 ocmssld
1236 1018 1316 1075 1704
1344 1019 1504 1077 unctam.

768 1248 1028 1338 1705.

196 1509 276 1565 (nen
293 1512 387 1558 senuit.
405 1512 475 1569 urps.
493 1515 553 1560 nee.
574 1513 651 1561 true.
668 1524 694 1569 p.
711 1513 773 1559 aaa.
791 1535 822 1546 -
842 1513 949 1562 aereo.
967 1517 1031 1571 opp.
1048 1515 1098 1561 aa.
1117 1515 1241 1561 uniens
1259 1517 1371 1563 nonar.
1389 1519 1418 1562 u.
1440 1519 1460 1563 r.
1479 1529 1503 1572 n.
1523 1510 1596 1579 aas.)

790 1649 1001 1658 --——-—-..-

122 1776 874 1851 CrrmiueoReeensioGlarissimiJaquelotiseu·
918 1778 1034 1852 »partia
1073 1777 1146 1845 Quid
1166 1794 1232 1850 ergo
1252 1778 1448 1836 virtutibuset
1471 1779 1545 1836 vitiis
1568 1781 1631 1836 dett
1664 1782 1711 1838 An

79 1865 195 1921 tentiam
218 1865 258 1923 de
282 1865 514 1924 leibnitiana
539 1868 747 1924 Harmoniae
771 1883 873 1941 prae·
918 1869 1011 1927 »aretii
1030 1872 1153 1942 oportet,
1176 1868 1264 1924 Deum
1277 1868 1314 1924 ad
1332 1874 1472 1941 sepedum
1491 1869 1665 1926 Batsebae
1681 1871 1710 1926 in

80 1954 266 2011 stabilitae
284 1957 483 2030 llypotbesi
501 1956 632 2029 attigerit,
656 1972 727 2029 quae
746 1955 873 2029 nuspiam
917 1958 1031 2015 ·anima
1050 1956 1195 2013 Davidis
1215 1956 1306 2014 ideam
1320 1958 1553 2030 ooueupisoentiae
1566 1959 1709 2033 excitasse,

78 2041 165 2099 adbuc
183 2044 278 2101 iubis
298 2046 608 2119 Aetisestexplioata,
637 2046 872 2119 operaepretium
916 2054 966 2104 ‚et
1000 2047 1030 2103 in
1065 2045 1172 2103 animas
1201 2045 1409 2103 Pharisaeomm
1437 2047 1604 2121 impressisse
1634 2047 1710 2105 idme

78 2130 169 2188 risum
188 2138 238 2207 est,
259 2132 295 2190 aul
314 2134 457 2191 meliorem
476 2134 535 2203 ejm
555 2135 734 2208 intellectum,
759 2135 871 2191 mimrn
916 2135 1120 2208 »blasybemiae
1145 2139 1240 2191 eontra
1260 2136 1401 2210 Spiritum,
1426 2153 1490 2193 eum
1505 2137 1652 2193 daemones
1668 2137 1708 2193 ri·

76 2220 294 2294 nobisipsomm
308 2222 376 2278 Dni.
388 2222 568 2296 Jaqueloti
584 2223 728 2279 verborum
740 2239 776 2279 ex
786 2223 872 2281 Libro
916 2224 1031 2281 aderent
1058 2240 1095 2280 ex
1129 2224 1290 2296 consoribus
1318 2225 1559 2281 daemoniacorum
1587 2225 1708 2295 ejectos!

75 2311 210 2366 recensito
231 2316 422 2384 excerprtomm
441 2310 568 2368 Latinam
595 2302 748 2368 versionem
774 2310 871 2381 adjuu·
916 2314 1104 2386 »Quocunque
1117 2313 1227 2385 effugio,
1248 2319 1296 2368 aut
1310 2329 1467 2386 quacunque
1482 2314 1633 2371 subtilitate
1647 2320 1707 2372 uta·

74 2415 154 2471 gere,
181 2404 212 2455 nt
230 2405 375 2475 appareat,
400 2401 462 2473 quis
482 2417 626 2457 sensensus
651 2406 700 2458 aut
724 2400 869 2458 dissensus.
916 2418 1006 2475 »mun
1018 2419 1061 2458 res
1071 2402 1235 2475 lmesemper
1246 2401 1323 2457 redit
1347 2402 1706 2475 FapouitdeindeClarissi·

78 2488 169 2552 ·Qnia
185 2488 319 2563 (inquit
333 2505 405 2562 pag.
423 2490 495 2547 381.
513 2490 602 2560 382.)
617 2489 726 2547 dilleile
740 2496 782 2546 est
796 2504 870 2546 eom·
916 2493 1091 2547 »mnsAutor
1097 2491 1224 2564 rationes,
1237 2507 1285 2546 eur
1295 2496 1415 2560 systema
1421 2496 1568 2564 receptum,
1581 2508 1637 2563 quo
1645 2493 1705 2548 ani-

77 2577 270 2651 »prehendere
285 2579 423 2650 quomodo
438 2581 563 2635 voluntas
575 2584 681 2636 motum
695 2578 804 2651 corpori
818 2578 869 2634 im·
915 2596 981 2637 ·ma
991 2581 1156 2653 ineorpnset
1166 2596 1264 2651 eonius
1275 2579 1304 2635 in
1315 2580 1436 2637 animam
1447 2580 1704 2655 intluxumexeroet,

78 2670 183 2740 ·peret,
204 2667 403 2723 Celeberrimos
417 2668 618 2724 Leibnitius
629 2670 733 2741 Corpus
747 2668 868 2724 conside
915 2670 986 2743 »ipsi
997 2669 1085 2739 magis
1095 2668 1192 2740 plaeet.
1202 2669 1254 2724 Sed
1266 2667 1376 2723 taudem
1389 2668 1476 2741 pergit
1487 2686 1515 2741 p.
1535 2669 1608 2725 387.
1622 2686 1700 2743 sqq.-

78 2760 139 2809 ·mt
160 2760 289 2827 tanquam
309 2757 464 2813 machinam
485 2763 590 2813 tensam
609 2765 637 2813 et
651 2757 812 2830 dispositam
832 2755 868 2813 ad
954 2758 984 2815 Si
998 2763 1092 2815 tamen
1105 2762 1227 2826 systema
1239 2757 1442 2813 leibnitianum
1453 2758 1522 2813 bene
1532 2758 1703 2832 intelligitur,

77 2844 251 2901 »efficiendos
261 2862 356 2902 omnes
368 2853 458 2902 motus
468 2863 537 2919 quos
547 2846 682 2921 producit,
698 2852 726 2902 et
738 2846 868 2903 Animam
909 2846 1067 2922 reperietur,
1082 2847 1150 2903 ineo
1160 2862 1217 2902 uon
1227 2845 1330 2901 destrui
1342 2846 1510 2918 libertatem,
1525 2848 1619 2903 amnia
1629 2848 1704 2906 enim
1791 2845 1796 2859 '

77 2939 225 3006 »tauquam
249 2935 430 2991 substantiam
455 2952 551 2992 omnes
575 2935 761 2991 continentem
793 2935 868 2992 ideas
910 2934 1704 3010 taeultatemhabetdeoretasuat'ormamli,aeroleudiquod

77 3039 153 3077 »sese
165 3024 314 3081 suoeessive
327 3025 491 3099 evolventes,
509 3024 593 3082 modo
603 3024 725 3083 motibus
738 3022 868 3082 omuibus
908 3026 1007 3100 pluent
1027 3024 1140 3098 thuod
1147 3024 1269 3081 actiones
1278 3024 1399 3096 eorporis
1406 3024 1442 3081 ab
1452 3024 1544 3081 anima
1554 3025 1703 3099 imperatas

76 3113 217 3184 »comonis
231 3114 364 3172 eoulornri
379 3119 408 3169 et
426 3115 661 3187 correspondente.
696 3114 791 3186 ltaque
804 3131 867 3171 eum
908 3116 1015 3187 attinet,
1022 3130 1078 3171 non
1090 3112 1417 3188 potastolfieerelibertati
1423 3112 1567 3187 dispositio
1580 3116 1704 3189 eorporis

77 3201 239 3258 »praemon
258 3218 370 3261 morere
384 3204 459 3276 volo,
478 3204 579 3279 evenit,
599 3208 630 3259 ut
651 3202 792 3260 braebinm
807 3220 867 3262 mo-
908 3204 1040 3261 itaaDeo
1051 3204 1170 3277 lormati,
1182 3201 1704 3277 utmotosejuspraeeiaevolmrtatibm

76 3295 190 3347 »reatus
205 3292 303 3348 virtute
318 3293 459 3349 maelriuae
473 3293 622 3366 dispositae
636 3298 717 3366 atque
731 3291 867 3350 tendentis
907 3298 1017 3350 animae
1039 3291 1237 3365 respondeant,
1263 3292 1338 3364 quod
1362 3290 1412 3348 tali
1431 3292 1560 3365 exemplo
1584 3292 1702 3366 intelligi

76 3379 130 3434 -ad
142 3381 280 3437 bradrium
289 3383 318 3438 in
329 3383 379 3439 lroc
390 3381 503 3438 instanti
515 3382 689 3440 movendum.
711 3383 771 3438 lloe
782 3382 866 3440 modo
907 3388 1005 3457 potest.
1028 3382 1175 3456 Ponamm,
1190 3380 1380 3437 blechanieum
1391 3382 1529 3455 egregium
1541 3382 1617 3455 seire,
1630 3399 1701 3455 quae

75 3468 196 3525 »Anima
216 3477 245 3524 et
258 3471 364 3544 Corpus
383 3488 414 3525 se
434 3472 490 3527 lere
510 3471 650 3528 habebunt
670 3475 703 3528 ut
715 3471 771 3526 duo
785 3472 865 3528 horo·
907 3488 960 3544 ego
975 3471 1079 3528 famulo
1099 3487 1162 3526 meo
1184 3469 1233 3525 tali
1248 3469 1361 3525 diesim
1376 3470 1566 3545 imperaturus,
1586 3488 1702 3544 eumque

76 3557 168 3627 »logia
182 3558 309 3632 pendula,
330 3575 399 3632 quae
413 3564 505 3615 motus
520 3579 584 3617 suos
599 3559 701 3633 pariter
713 3558 866 3633 iisdemque
905 3577 986 3633 posse
1000 3562 1120 3617 lonnare
1139 3562 1311 3615 automatum
1329 3574 1380 3631 par
1392 3560 1559 3630 exequendis
1573 3559 1702 3617 omnibns

76 3647 241 3701 »momentis
263 3652 400 3702 exercent.
433 3647 487 3712 Qui
507 3666 603 3705 causas
622 3648 805 3704 oomsionales
819 3649 865 3704 de·
907 3649 1028 3707 motibus
1047 3665 1065 3704 a
1085 3665 1130 3704 me
1149 3665 1183 3703 ea
1203 3648 1249 3704 die
1262 3647 1441 3721 imperandis:
1464 3648 1574 3703 Cenum
1588 3653 1638 3722 oet,
1655 3665 1701 3705 mo

74 3734 216 3806 »tendunt
237 3736 333 3791 volunt
353 3737 390 3791 ob
413 3737 542 3814 unionem
561 3737 671 3792 animae
684 3740 713 3792 et
732 3737 863 3810 comonis,
906 3744 971 3795 tune
984 3742 1126 3794 automato
1150 3736 1189 3792 iili
1205 3742 1334 3809 tanquam
1353 3735 1457 3791 lamule
1473 3751 1535 3791 meo
1554 3738 1701 3811 imperatu·

75 3825 181 3879 -ueun
195 3824 231 3880 ad
245 3830 383 3881 eertomrn
398 3831 522 3882 motuum
536 3825 716 3900 praesentiam
731 3825 865 3883 inanima
905 3844 967 3884 mm
979 3844 1022 3902 ea,
1037 3842 1092 3899 qua
1105 3828 1191 3896 fruor,
1213 3824 1348 3895 libertato,
1364 3840 1452 3896 neque
1466 3826 1543 3881 illam
1557 3826 1642 3899 ipsius
1652 3844 1700 3885 au·

74 3914 213 3969 »sermore
232 3919 320 3970 certas
334 3914 418 3987 ideas,
439 3916 517 3972 etad
531 3915 712 3989 praesentiam
727 3919 863 3973 certomrn
903 3916 1000 3973 tornati
1015 3921 1191 3990 spontaneam
1205 3914 1240 3971 ad
1251 3931 1316 3969 suos
1330 3918 1421 3969 motus
1435 3913 1700 3993 determinationem,

73 4007 202 4059 »actuum
216 4004 373 4075 voluntatis,
394 4005 482 4060 ὓοιιηι
503 4005 652 4078 produoere
670 4009 759 4060 oertos
772 4009 864 4061 motus
904 4006 1049 4079 quiequam
1063 4004 1184 4061 libertati
1201 4021 1277 4059 rurae
1293 4001 1549 4075 praejudicatumm.
1594 4005 1699 4064 Fodem

73 4091 121 4146 »in
134 4109 257 4165 eorpore.
302 4094 383 4159 Quod
404 4094 456 4149 Du.
472 4093 670 4150 Leibnitius
684 4110 741 4149 non
755 4093 863 4166 probat,
904 4110 935 4151 se
948 4093 1032 4151 modo
1052 4111 1096 4150 res
1113 4094 1196 4149 habet
1217 4092 1245 4147 in
1267 4108 1381 4163 eorpore
1400 4091 1534 4163 hnmano,
1550 4087 1699 4152 seeundum

72 4181 155 4252 ·quia
173 4182 226 4238 ista
245 4183 401 4254 hypothesis
421 4188 551 4256 perpetua
570 4183 703 4257 supponit
722 4182 863 4239 mansula.
905 4187 1026 4254 systema
1048 4182 1260 4253 leibnitianum,
1284 4179 1359 4253 quod
1384 4179 1447 4239 ideo
1471 4182 1604 4254 appellmi
1628 4185 1700 4241 solet

72 4271 216 4337 »systema
230 4277 366 4345 rooeptum
381 4272 503 4329 medium
523 4272 597 4329 iuter
611 4273 661 4328 bas
674 4271 743 4329 duas
756 4275 865 4328 senten-
905 4275 1064 4344 Systema
1078 4270 1291 4327 Harmoniae
1304 4270 1589 4343 praestabilitas.
1626 4274 1700 4329 Deus

72 4357 144 4412 ·tias
159 4363 241 4434 tenet,
260 4377 330 4433 quae
344 4378 457 4436 uragnas
470 4362 642 4419 dilbeultates
655 4362 715 4436 pati
727 4361 862 4417 vidntur.
906 4361 1037 4419 lornmrit
1061 4363 1157 4417 nostra
1181 4375 1295 4432 corpora
1320 4363 1451 4431 muquam
1472 4361 1611 4416 nmclrinas
1630 4378 1700 4434 quae

72 4446 185 4501 ·Videri
204 4449 290 4519 possit
309 4451 399 4522 prima
417 4451 521 4524 syreeie,
547 4452 577 4508 in
602 4451 695 4526 priore
713 4454 863 4521 systenrate
905 4451 1009 4508 debent
1020 4448 1185 4523 respondere
1196 4448 1277 4506 sertis
1292 4448 1414 4505 motibus
1423 4453 1581 4507 nostrarum
1594 4452 1700 4508 annisa·

71 4535 246 4592 -bbertatem
260 4553 318 4592 uon
331 4539 534 4612 nisiquandam
547 4540 863 4613 illmiommemeeum
906 4556 978 4597 rum.
1015 4539 1084 4596 Tale
1102 4542 1272 4595 automatum
1291 4554 1350 4594 non
1372 4543 1414 4593 est
1441 4538 1612 4612 irnposnbile
1629 4543 1698 4614 Deo,

71 4625 183 4681 »aniura
205 4632 233 4682 et
247 4641 346 4698 eonius
366 4645 414 4700 per
433 4645 543 4684 musam
563 4630 700 4686 edieaeem
714 4634 743 4686 et
756 4633 862 4685 autere-
905 4629 952 4702 qni
971 4628 1051 4685 novit
1068 4644 1166 4684 omnes
1184 4626 1425 4684 ‹ietmmiuatioues
1444 4644 1521 4685 oreae
1541 4630 1698 4704 voluntatis,

71 4713 201 4771 -dentem
226 4714 262 4769 ad
286 4731 383 4772 ornnes
401 4733 464 4772 snas
481 4718 662 4789 cogitationes
686 4723 716 4775 et
741 4718 862 4775 actiones
906 4722 1050 4790 motusque
1068 4714 1210 4774 machinae
1234 4716 1277 4771 his
1297 4716 1570 4775 determinationibus
1594 4735 1698 4775 aeconi-

72 4805 284 4878 ·disponantnr,
312 4808 472 4876 tantumque
492 4822 586 4862 revera
604 4807 761 4880 evolvatur,
787 4807 862 4879 quod
905 4806 1039 4865 modone.
1066 4806 1127 4862 lloe
1139 4810 1261 4875 systema
1274 4811 1415 4862 exeuntum
1429 4812 1470 4862 est
1481 4805 1698 4881 difficultatibus,

71 4900 149 4949 »erat
162 4899 262 4950 testum
276 4898 305 4948 et
319 4894 482 4950 involutum.
507 4895 665 4964 Systema
680 4910 862 4953 causarum
905 4912 975 4969 qnae
994 4896 1023 4951 in
1037 4895 1102 4952 aliis
1121 4894 1303 4968 reperiuntur.
1348 4895 1411 4952 lion
1431 4894 1591 4967 intelligitm
1607 4897 1637 4951 in
1651 4914 1697 4966 sy·

72 4983 366 5039 »occasionalium
385 4983 538 5054 majoribus
556 4983 644 5041 mbrra
656 4984 863 5043 dittieultatibrn
904 4990 1020 5042 smmato
1032 4988 1151 5058 reoepto,
1171 4984 1311 5057 quomodo
1325 4984 1453 5041 voluntas
1471 4999 1552 5053 agere
1568 4987 1655 5056 possit
1667 4987 1698 5044 in

72 5070 206 5127 »labent
239 5072 312 5130 Nam
332 5073 362 5129 in
380 5091 414 5129 eo
429 5074 504 5130 Deus
522 5072 581 5147 agit
597 5073 702 5141 omnia,
720 5078 862 5133 ornaturae
903 5091 1012 5148 eorpus,
1026 5078 1055 5131 et
1069 5073 1408 5144 iusystemateeamamm
1419 5071 1698 5135 ooeasionaiiumom·

70 5175 146 5216 »nou
161 5161 213 5217 nisi
234 5162 349 5221 umbrae
362 5165 427 5220 smrt
440 5178 537 5238 vanae,
552 5166 583 5219 et
595 5163 671 5223 ertu
683 5164 800 5223 aetionis
812 5180 861 5223 ex·
903 5163 951 5223 uia
965 5165 1034 5222 tirmt
1045 5163 1216 5237 miraculose,
1229 5167 1258 5221 et
1269 5163 1344 5220 Deua
1352 5166 1444 5219 movet
1455 5161 1597 5222 braehimn
1606 5182 1698 5227 mmm
