<?xml version="1.0" encoding="UTF-8"?>
<!DOCTYPE html PUBLIC "-//W3C//DTD XHTML 1.0 Transitional//EN"
    "http://www.w3.org/TR/xhtml1/DTD/xhtml1-transitional.dtd">
<html xmlns="http://www.w3.org/1999/xhtml" xml:lang="en" lang="en">
 <head>
  <title>
</title>
<meta http-equiv="Content-Type" content="text/html;charset=utf-8" />
  <meta name='ocr-system' content='tesseract 3.04.00' />
  <meta name='ocr-capabilities' content='ocr_page ocr_carea ocr_par ocr_line ocrx_word'/>
</head>
<body>
  <div class='ocr_page' id='page_1' title='image "./operaphilosophi00erdmgoog/operaphilosophi00erdmgoog_0728.png"; bbox 0 0 3706 5828; ppageno 0'>
   <div class='ocr_carea' id='block_1_1' title="bbox 468 338 1683 418">
    <p class='ocr_par' dir='ltr' id='par_1_1' title="bbox 468 338 1683 418">
     <span class='ocr_line' id='line_1_1' title="bbox 468 338 1683 418; baseline 0.013 -16"><span class='ocrx_word' id='word_1_1' title='bbox 468 342 618 403; x_wconf 78' lang='lat' dir='ltr'>nxmr</span> <span class='ocrx_word' id='word_1_2' title='bbox 661 345 717 404; x_wconf 78' lang='lat' dir='ltr'>An</span> <span class='ocrx_word' id='word_1_3' title='bbox 737 345 808 404; x_wconf 73' lang='lat' dir='ltr'>nm</span> <span class='ocrx_word' id='word_1_4' title='bbox 829 346 956 406; x_wconf 73' lang='lat' dir='ltr'>BOSSFS</span> <span class='ocrx_word' id='word_1_5' title='bbox 977 338 1180 407; x_wconf 72' lang='lat' dir='ltr'>m‘tsroban</span> <span class='ocrx_word' id='word_1_6' title='bbox 1201 350 1285 409; x_wconf 85' lang='lat' dir='ltr'>xlx.</span> <span class='ocrx_word' id='word_1_7' title='bbox 1621 355 1683 418; x_wconf 75' lang='lat'>681</span> 
     </span>
    </p>
   </div>
   <div class='ocr_carea' id='block_1_2' title="bbox 53 482 1692 5114">
    <p class='ocr_par' dir='ltr' id='par_1_2' title="bbox 53 482 1692 5114">
     <span class='ocr_line' id='line_1_2' title="bbox 64 482 1691 565; baseline 0.01 -23"><span class='ocrx_word' id='word_1_8' title='bbox 64 498 139 559; x_wconf 85' lang='lat' dir='ltr'>eam,</span> <span class='ocrx_word' id='word_1_9' title='bbox 158 484 271 541; x_wconf 89' lang='lat' dir='ltr'>rrrrrltem</span> <span class='ocrx_word' id='word_1_10' title='bbox 293 482 446 542; x_wconf 87' lang='lat' dir='ltr'>accidentia</span> <span class='ocrx_word' id='word_1_11' title='bbox 459 484 647 542; x_wconf 83' lang='lat' dir='ltr'>Eudraristiea</span> <span class='ocrx_word' id='word_1_12' title='bbox 660 486 794 560; x_wconf 80' lang='lat' dir='ltr'>explicari</span> <span class='ocrx_word' id='word_1_13' title='bbox 809 503 860 561; x_wconf 90' lang='lat' dir='ltr'>per</span> <span class='ocrx_word' id='word_1_14' title='bbox 898 488 928 544; x_wconf 93' lang='lat' dir='ltr'>in</span> <span class='ocrx_word' id='word_1_15' title='bbox 947 488 1091 547; x_wconf 79' lang='lat' dir='ltr'>itineribus</span> <span class='ocrx_word' id='word_1_16' title='bbox 1113 490 1304 548; x_wconf 77' lang='lat' dir='ltr'>obsenasseat</span> <span class='ocrx_word' id='word_1_17' title='bbox 1324 507 1459 565; x_wconf 80' lang='lat' dir='ltr'><strong>quaenam</strong></span> <span class='ocrx_word' id='word_1_18' title='bbox 1479 497 1516 553; x_wconf 89' lang='lat' dir='ltr'>sit</span> <span class='ocrx_word' id='word_1_19' title='bbox 1530 502 1588 555; x_wconf 85' lang='lat' dir='ltr'>tam</span> <span class='ocrx_word' id='word_1_20' title='bbox 1607 499 1691 559; x_wconf 80' lang='lat' dir='ltr'>‹iceb-</span> 
     </span>
     <span class='ocr_line' id='line_1_3' title="bbox 63 572 1691 651; baseline 0.01 -21"><span class='ocrx_word' id='word_1_21' title='bbox 63 574 268 647; x_wconf 76' lang='lat' dir='ltr'>phoenomena,</span> <span class='ocrx_word' id='word_1_22' title='bbox 293 572 335 628; x_wconf 81' lang='lat' dir='ltr'>ita</span> <span class='ocrx_word' id='word_1_23' title='bbox 358 587 414 628; x_wconf 92' lang='lat' dir='ltr'>non</span> <span class='ocrx_word' id='word_1_24' title='bbox 434 572 489 628; x_wconf 88' lang='lat' dir='ltr'>erit</span> <span class='ocrx_word' id='word_1_25' title='bbox 509 588 580 646; x_wconf 90' lang='lat' dir='ltr'>opus</span> <span class='ocrx_word' id='word_1_26' title='bbox 597 574 783 632; x_wconf 82' lang='lat' dir='ltr'>accidentibus</span> <span class='ocrx_word' id='word_1_27' title='bbox 801 590 858 634; x_wconf 90' lang='lat' dir='ltr'>non</span> <span class='ocrx_word' id='word_1_28' title='bbox 898 577 976 633; x_wconf 87' lang='lat' dir='ltr'>natio</span> <span class='ocrx_word' id='word_1_29' title='bbox 996 578 1189 651; x_wconf 82' lang='lat' dir='ltr'>borizoataiis,</span> <span class='ocrx_word' id='word_1_30' title='bbox 1209 596 1293 651; x_wconf 89' lang='lat' dir='ltr'>quam</span> <span class='ocrx_word' id='word_1_31' title='bbox 1314 580 1456 640; x_wconf 78' lang='lat' dir='ltr'>inclinatio</span> <span class='ocrx_word' id='word_1_32' title='bbox 1477 586 1613 644; x_wconf 85' lang='lat' dir='ltr'>verticalis</span> <span class='ocrx_word' id='word_1_33' title='bbox 1632 606 1691 647; x_wconf 91' lang='lat' dir='ltr'>nra-</span> 
     </span>
     <span class='ocr_line' id='line_1_4' title="bbox 63 658 1691 748; baseline 0.01 -31"><span class='ocrx_word' id='word_1_34' title='bbox 63 658 238 734; x_wconf 87' lang='lat' dir='ltr'>modalibus,</span> <span class='ocrx_word' id='word_1_35' title='bbox 252 674 325 733; x_wconf 87' lang='lat' dir='ltr'>qnae</span> <span class='ocrx_word' id='word_1_36' title='bbox 338 674 437 733; x_wconf 85' lang='lat' dir='ltr'>purum</span> <span class='ocrx_word' id='word_1_37' title='bbox 450 660 538 733; x_wconf 87' lang='lat' dir='ltr'>capio.</span> <span class='ocrx_word' id='word_1_38' title='bbox 898 665 1015 737; x_wconf 75' lang='lat' dir='ltr'>gnstim,</span> <span class='ocrx_word' id='word_1_39' title='bbox 1023 670 1058 721; x_wconf 78' lang='lat' dir='ltr'>et</span> <span class='ocrx_word' id='word_1_40' title='bbox 1072 667 1277 724; x_wconf 82' lang='lat' dir='ltr'>observationes</span> <span class='ocrx_word' id='word_1_41' title='bbox 1291 668 1321 722; x_wconf 92' lang='lat' dir='ltr'>irr</span> <span class='ocrx_word' id='word_1_42' title='bbox 1335 669 1441 727; x_wconf 78' lang='lat' dir='ltr'>litteras</span> <span class='ocrx_word' id='word_1_43' title='bbox 1454 673 1623 748; x_wconf 78' lang='lat' dir='ltr'>retulissent,</span> <span class='ocrx_word' id='word_1_44' title='bbox 1643 678 1691 734; x_wconf 85' lang='lat' dir='ltr'>ira-</span> 
     </span>
     <span class='ocr_line' id='line_1_5' title="bbox 104 748 1691 836; baseline 0.009 -30"><span class='ocrx_word' id='word_1_45' title='bbox 104 749 257 806; x_wconf 83' lang='lat' dir='ltr'>Subtitiora</span> <span class='ocrx_word' id='word_1_46' title='bbox 282 749 365 822; x_wconf 84' lang='lat' dir='ltr'>panio</span> <span class='ocrx_word' id='word_1_47' title='bbox 387 752 451 803; x_wconf 85' lang='lat' dir='ltr'>surn</span> <span class='ocrx_word' id='word_1_48' title='bbox 469 748 619 820; x_wconf 85' lang='lat' dir='ltr'>quaedam,</span> <span class='ocrx_word' id='word_1_49' title='bbox 644 763 716 820; x_wconf 89' lang='lat' dir='ltr'>quae</span> <span class='ocrx_word' id='word_1_50' title='bbox 740 748 776 806; x_wconf 88' lang='lat' dir='ltr'>de</span> <span class='ocrx_word' id='word_1_51' title='bbox 794 750 857 808; x_wconf 86' lang='lat' dir='ltr'>Deo</span> <span class='ocrx_word' id='word_1_52' title='bbox 898 752 1025 809; x_wconf 86' lang='lat' dir='ltr'>beremus</span> <span class='ocrx_word' id='word_1_53' title='bbox 1042 754 1124 811; x_wconf 84' lang='lat' dir='ltr'>bodie</span> <span class='ocrx_word' id='word_1_54' title='bbox 1137 754 1308 811; x_wconf 73' lang='lat' dir='ltr'>tnesaurum</span> <span class='ocrx_word' id='word_1_55' title='bbox 1321 756 1560 833; x_wconf 86' lang='lat' dir='ltr'>observationum,</span> <span class='ocrx_word' id='word_1_56' title='bbox 1581 779 1616 819; x_wconf 88' lang='lat' dir='ltr'>ex</span> <span class='ocrx_word' id='word_1_57' title='bbox 1631 766 1691 836; x_wconf 91' lang='lat' dir='ltr'>qui·</span> 
     </span>
     <span class='ocr_line' id='line_1_6' title="bbox 62 834 1690 927; baseline 0.008 -35"><span class='ocrx_word' id='word_1_58' title='bbox 62 838 169 909; x_wconf 89' lang='lat' dir='ltr'>optima</span> <span class='ocrx_word' id='word_1_59' title='bbox 179 837 298 908; x_wconf 81' lang='lat' dir='ltr'>eligente</span> <span class='ocrx_word' id='word_1_60' title='bbox 311 834 678 893; x_wconf 82' lang='lat' dir='ltr'>ituaicsctntarttaas</span> <span class='ocrx_word' id='word_1_61' title='bbox 692 836 857 894; x_wconf 83' lang='lat' dir='ltr'>Peresius</span> <span class='ocrx_word' id='word_1_62' title='bbox 899 842 951 897; x_wconf 92' lang='lat' dir='ltr'>bus</span> <span class='ocrx_word' id='word_1_63' title='bbox 970 842 1086 899; x_wconf 83' lang='lat' dir='ltr'>tortasse</span> <span class='ocrx_word' id='word_1_64' title='bbox 1106 840 1243 911; x_wconf 87' lang='lat' dir='ltr'>jamtum</span> <span class='ocrx_word' id='word_1_65' title='bbox 1268 844 1367 913; x_wconf 78' lang='lat' dir='ltr'>conjici</span> <span class='ocrx_word' id='word_1_66' title='bbox 1392 862 1425 902; x_wconf 87' lang='lat' dir='ltr'>ac</span> <span class='ocrx_word' id='word_1_67' title='bbox 1445 848 1565 919; x_wconf 86' lang='lat' dir='ltr'>praedici</span> <span class='ocrx_word' id='word_1_68' title='bbox 1586 858 1690 927; x_wconf 86' lang='lat' dir='ltr'>posset,</span> 
     </span>
     <span class='ocr_line' id='line_1_7' title="bbox 62 923 1692 1006; baseline 0.012 -29"><span class='ocrx_word' id='word_1_69' title='bbox 62 928 152 979; x_wconf 84' lang='lat' dir='ltr'>vester·</span> <span class='ocrx_word' id='word_1_70' title='bbox 176 924 295 997; x_wconf 87' lang='lat' dir='ltr'>babent,</span> <span class='ocrx_word' id='word_1_71' title='bbox 327 928 357 979; x_wconf 93' lang='lat' dir='ltr'>et</span> <span class='ocrx_word' id='word_1_72' title='bbox 381 923 536 993; x_wconf 69' lang='lat' dir='ltr'>indigerent</span> <span class='ocrx_word' id='word_1_73' title='bbox 559 924 800 995; x_wconf 83' lang='lat' dir='ltr'>interpretatione:</span> <span class='ocrx_word' id='word_1_74' title='bbox 825 926 856 982; x_wconf 90' lang='lat' dir='ltr'>in</span> <span class='ocrx_word' id='word_1_75' title='bbox 897 926 997 983; x_wconf 86' lang='lat' dir='ltr'>saltem</span> <span class='ocrx_word' id='word_1_76' title='bbox 1010 929 1041 984; x_wconf 91' lang='lat' dir='ltr'>in</span> <span class='ocrx_word' id='word_1_77' title='bbox 1054 929 1158 1001; x_wconf 76' lang='lat' dir='ltr'>aliquot</span> <span class='ocrx_word' id='word_1_78' title='bbox 1172 943 1269 1002; x_wconf 80' lang='lat' dir='ltr'>annos,</span> <span class='ocrx_word' id='word_1_79' title='bbox 1284 946 1355 1002; x_wconf 83' lang='lat' dir='ltr'>quae</span> <span class='ocrx_word' id='word_1_80' title='bbox 1368 932 1397 988; x_wconf 94' lang='lat' dir='ltr'>in</span> <span class='ocrx_word' id='word_1_81' title='bbox 1418 936 1545 1006; x_wconf 82' lang='lat' dir='ltr'>plurimis</span> <span class='ocrx_word' id='word_1_82' title='bbox 1561 939 1628 994; x_wconf 89' lang='lat' dir='ltr'>loeis</span> <span class='ocrx_word' id='word_1_83' title='bbox 1642 940 1692 997; x_wconf 72' lang='lat' dir='ltr'>de</span> 
     </span>
     <span class='ocr_line' id='line_1_8' title="bbox 61 1010 1691 1085; baseline 0.012 -20"><span class='ocrx_word' id='word_1_84' title='bbox 61 1025 171 1068; x_wconf 83' lang='lat' dir='ltr'>summa</span> <span class='ocrx_word' id='word_1_85' title='bbox 195 1016 287 1067; x_wconf 86' lang='lat' dir='ltr'>tamen</span> <span class='ocrx_word' id='word_1_86' title='bbox 312 1028 331 1068; x_wconf 90' lang='lat' dir='ltr'>a</span> <span class='ocrx_word' id='word_1_87' title='bbox 351 1010 422 1066; x_wconf 88' lang='lat' dir='ltr'>meis</span> <span class='ocrx_word' id='word_1_88' title='bbox 447 1010 528 1067; x_wconf 83' lang='lat' dir='ltr'>vaide</span> <span class='ocrx_word' id='word_1_89' title='bbox 550 1010 699 1066; x_wconf 81' lang='lat' dir='ltr'>abhorrere</span> <span class='ocrx_word' id='word_1_90' title='bbox 719 1012 856 1070; x_wconf 85' lang='lat' dir='ltr'>videniur.</span> <span class='ocrx_word' id='word_1_91' title='bbox 899 1015 964 1071; x_wconf 84' lang='lat' dir='ltr'>beot</span> <span class='ocrx_word' id='word_1_92' title='bbox 982 1031 1044 1072; x_wconf 79' lang='grc' dir='ltr'>ιιιι</span> <span class='ocrx_word' id='word_1_93' title='bbox 1062 1018 1186 1073; x_wconf 88' lang='lat' dir='ltr'>variatio.</span> <span class='ocrx_word' id='word_1_94' title='bbox 1231 1016 1313 1073; x_wconf 84' lang='lat' dir='ltr'>Unde</span> <span class='ocrx_word' id='word_1_95' title='bbox 1331 1019 1479 1078; x_wconf 84' lang='lat' dir='ltr'>observata</span> <span class='ocrx_word' id='word_1_96' title='bbox 1493 1025 1646 1083; x_wconf 84' lang='lat' dir='ltr'>variatione</span> <span class='ocrx_word' id='word_1_97' title='bbox 1660 1029 1691 1085; x_wconf 92' lang='lat' dir='ltr'>in</span> 
     </span>
     <span class='ocr_line' id='line_1_9' title="bbox 61 1092 1689 1186; baseline 0.011 -33"><span class='ocrx_word' id='word_1_98' title='bbox 61 1099 157 1171; x_wconf 91' lang='lat' dir='ltr'>itaque</span> <span class='ocrx_word' id='word_1_99' title='bbox 181 1100 284 1155; x_wconf 81' lang='lat' dir='ltr'>multas</span> <span class='ocrx_word' id='word_1_100' title='bbox 309 1114 361 1172; x_wconf 89' lang='lat' dir='ltr'>pro</span> <span class='ocrx_word' id='word_1_101' title='bbox 386 1098 636 1156; x_wconf 89' lang='lat' dir='ltr'>communicatione</span> <span class='ocrx_word' id='word_1_102' title='bbox 663 1099 767 1170; x_wconf 73' lang='lat' dir='ltr'>gratias</span> <span class='ocrx_word' id='word_1_103' title='bbox 780 1092 854 1170; x_wconf 80' lang='lat' dir='ltr'>ago.</span> <span class='ocrx_word' id='word_1_104' title='bbox 898 1102 1084 1178; x_wconf 87' lang='lat' dir='ltr'>mediomari,</span> <span class='ocrx_word' id='word_1_105' title='bbox 1100 1103 1300 1176; x_wconf 78' lang='lat' dir='ltr'>conjunctaque</span> <span class='ocrx_word' id='word_1_106' title='bbox 1312 1122 1376 1163; x_wconf 88' lang='lat' dir='ltr'>cum</span> <span class='ocrx_word' id='word_1_107' title='bbox 1390 1109 1448 1180; x_wconf 89' lang='lat' dir='ltr'>poli</span> <span class='ocrx_word' id='word_1_108' title='bbox 1462 1110 1625 1186; x_wconf 75' lang='lat' dir='ltr'>cavaticae,</span> <span class='ocrx_word' id='word_1_109' title='bbox 1640 1116 1689 1171; x_wconf 85' lang='lat' dir='ltr'>lra-</span> 
     </span>
     <span class='ocr_line' id='line_1_10' title="bbox 60 1185 1690 1277; baseline 0.01 -36"><span class='ocrx_word' id='word_1_110' title='bbox 60 1188 124 1257; x_wconf 77' lang='lat' dir='ltr'>Ago</span> <span class='ocrx_word' id='word_1_111' title='bbox 148 1188 232 1244; x_wconf 79' lang='lat' dir='ltr'>etiam</span> <span class='ocrx_word' id='word_1_112' title='bbox 256 1187 390 1260; x_wconf 86' lang='lat' dir='ltr'>plurirnaa</span> <span class='ocrx_word' id='word_1_113' title='bbox 415 1202 467 1258; x_wconf 89' lang='lat' dir='ltr'>pro</span> <span class='ocrx_word' id='word_1_114' title='bbox 485 1185 637 1242; x_wconf 90' lang='lat' dir='ltr'>Meldensis</span> <span class='ocrx_word' id='word_1_115' title='bbox 661 1186 790 1260; x_wconf 71' lang='lat' dir='ltr'>mriscopi</span> <span class='ocrx_word' id='word_1_116' title='bbox 814 1189 855 1245; x_wconf 93' lang='lat' dir='ltr'>in·</span> <span class='ocrx_word' id='word_1_117' title='bbox 899 1190 958 1246; x_wconf 88' lang='lat' dir='ltr'>beri</span> <span class='ocrx_word' id='word_1_118' title='bbox 971 1191 1048 1247; x_wconf 86' lang='lat' dir='ltr'>iocus</span> <span class='ocrx_word' id='word_1_119' title='bbox 1063 1198 1170 1265; x_wconf 81' lang='lat' dir='ltr'>posset3</span> <span class='ocrx_word' id='word_1_120' title='bbox 1192 1199 1220 1248; x_wconf 88' lang='lat' dir='ltr'>et</span> <span class='ocrx_word' id='word_1_121' title='bbox 1234 1192 1346 1249; x_wconf 86' lang='lat' dir='ltr'>tandem</span> <span class='ocrx_word' id='word_1_122' title='bbox 1360 1196 1422 1251; x_wconf 87' lang='lat' dir='ltr'>erui</span> <span class='ocrx_word' id='word_1_123' title='bbox 1435 1198 1552 1271; x_wconf 88' lang='lat' dir='ltr'>limites,</span> <span class='ocrx_word' id='word_1_124' title='bbox 1572 1203 1690 1277; x_wconf 76' lang='lat' dir='ltr'>periorti,</span> 
     </span>
     <span class='ocr_line' id='line_1_11' title="bbox 61 1274 1692 1349; baseline 0.011 -21"><span class='ocrx_word' id='word_1_125' title='bbox 61 1276 211 1331; x_wconf 76' lang='lat' dir='ltr'>structione</span> <span class='ocrx_word' id='word_1_126' title='bbox 234 1274 383 1349; x_wconf 82' lang='lat' dir='ltr'>pastorali,</span> <span class='ocrx_word' id='word_1_127' title='bbox 407 1288 493 1347; x_wconf 89' lang='lat' dir='ltr'>qnam</span> <span class='ocrx_word' id='word_1_128' title='bbox 515 1274 652 1347; x_wconf 86' lang='lat' dir='ltr'>percurri,</span> <span class='ocrx_word' id='word_1_129' title='bbox 676 1279 705 1329; x_wconf 85' lang='lat' dir='ltr'>et</span> <span class='ocrx_word' id='word_1_130' title='bbox 724 1274 855 1332; x_wconf 84' lang='lat' dir='ltr'>subtilem</span> <span class='ocrx_word' id='word_1_131' title='bbox 876 1306 879 1319; x_wconf 85' lang='lat'><em>=</em></span> <span class='ocrx_word' id='word_1_132' title='bbox 898 1278 972 1348; x_wconf 78' lang='lat' dir='ltr'>leges</span> <span class='ocrx_word' id='word_1_133' title='bbox 990 1280 1165 1349; x_wconf 80' lang='lat' dir='ltr'>variationis,</span> <span class='ocrx_word' id='word_1_134' title='bbox 1192 1284 1221 1335; x_wconf 92' lang='lat' dir='ltr'>et</span> <span class='ocrx_word' id='word_1_135' title='bbox 1241 1280 1358 1338; x_wconf 69' lang='lat' dir='ltr'>sonasse</span> <span class='ocrx_word' id='word_1_136' title='bbox 1378 1283 1462 1340; x_wconf 90' lang='lat' dir='ltr'>etiarn</span> <span class='ocrx_word' id='word_1_137' title='bbox 1477 1286 1550 1342; x_wconf 89' lang='lat' dir='ltr'>ratio</span> <span class='ocrx_word' id='word_1_138' title='bbox 1564 1290 1633 1344; x_wconf 86' lang='lat' dir='ltr'>tanti</span> <span class='ocrx_word' id='word_1_139' title='bbox 1647 1306 1692 1346; x_wconf 90' lang='lat' dir='ltr'>ar·</span> 
     </span>
     <span class='ocr_line' id='line_1_12' title="bbox 61 1326 1692 1442; baseline 0.009 -23"><span class='ocrx_word' id='word_1_140' title='bbox 61 1362 281 1435; x_wconf 74' lang='lat' dir='ltr'>profundamque</span> <span class='ocrx_word' id='word_1_141' title='bbox 299 1361 481 1435; x_wconf 81' lang='lat' dir='ltr'>deprehende.</span> <span class='ocrx_word' id='word_1_142' title='bbox 523 1361 594 1418; x_wconf 86' lang='lat' dir='ltr'>iliud</span> <span class='ocrx_word' id='word_1_143' title='bbox 615 1376 725 1436; x_wconf 74' lang='lat' dir='ltr'>vereor,</span> <span class='ocrx_word' id='word_1_144' title='bbox 746 1377 782 1418; x_wconf 88' lang='lat' dir='ltr'>ne</span> <span class='ocrx_word' id='word_1_145' title='bbox 795 1363 855 1436; x_wconf 89' lang='lat' dir='ltr'>plu·</span> <span class='ocrx_word' id='word_1_146' title='bbox 876 1326 968 1441; x_wconf 51' lang='lat' dir='ltr'>&#39;curri</span> <span class='ocrx_word' id='word_1_147' title='bbox 1011 1366 1087 1422; x_wconf 86' lang='lat' dir='ltr'>Nihil</span> <span class='ocrx_word' id='word_1_148' title='bbox 1107 1373 1200 1424; x_wconf 89' lang='lat' dir='ltr'>auteur</span> <span class='ocrx_word' id='word_1_149' title='bbox 1221 1368 1364 1442; x_wconf 67' lang='lat' dir='ltr'>quotibet,</span> <span class='ocrx_word' id='word_1_150' title='bbox 1395 1373 1469 1442; x_wconf 88' lang='lat' dir='ltr'>quod</span> <span class='ocrx_word' id='word_1_151' title='bbox 1489 1374 1618 1431; x_wconf 63' lang='lat' dir='ltr'>hatenus</span> <span class='ocrx_word' id='word_1_152' title='bbox 1644 1394 1692 1433; x_wconf 88' lang='lat' dir='ltr'>ue-</span> 
     </span>
     <span class='ocr_line' id='line_1_13' title="bbox 61 1440 1691 1535; baseline 0.009 -30"><span class='ocrx_word' id='word_1_153' title='bbox 61 1450 148 1524; x_wconf 81' lang='lat' dir='ltr'>rima,</span> <span class='ocrx_word' id='word_1_154' title='bbox 174 1466 246 1524; x_wconf 78' lang='lat' dir='ltr'>quae</span> <span class='ocrx_word' id='word_1_155' title='bbox 269 1450 299 1505; x_wconf 91' lang='lat' dir='ltr'>in</span> <span class='ocrx_word' id='word_1_156' title='bbox 322 1450 495 1507; x_wconf 84' lang='lat' dir='ltr'>lansenio</span> <span class='ocrx_word' id='word_1_157' title='bbox 519 1448 770 1522; x_wconf 84' lang='lat' dir='ltr'>reprehenduntur,</span> <span class='ocrx_word' id='word_1_158' title='bbox 800 1451 856 1507; x_wconf 89' lang='lat' dir='ltr'>sint</span> <span class='ocrx_word' id='word_1_159' title='bbox 876 1444 879 1527; x_wconf 89' lang='grc' dir='ltr'>Ι</span> <span class='ocrx_word' id='word_1_160' title='bbox 897 1454 1018 1523; x_wconf 83' lang='lat' dir='ltr'>glectnm</span> <span class='ocrx_word' id='word_1_161' title='bbox 1029 1456 1183 1527; x_wconf 86' lang='lat' dir='ltr'>cst,.sdlrnc</span> <span class='ocrx_word' id='word_1_162' title='bbox 1196 1456 1296 1527; x_wconf 87' lang='lat' dir='ltr'>curari,</span> <span class='ocrx_word' id='word_1_163' title='bbox 1311 1440 1691 1535; x_wconf 68' lang='lat' dir='ltr'>ctsaitem&#39;eonsniipostcri·</span> 
     </span>
     <span class='ocr_line' id='line_1_14' title="bbox 60 1537 1691 1624; baseline 0.009 -32"><span class='ocrx_word' id='word_1_164' title='bbox 60 1537 147 1611; x_wconf 87' lang='lat' dir='ltr'>ipsius</span> <span class='ocrx_word' id='word_1_165' title='bbox 165 1538 374 1613; x_wconf 78' lang='lat' dir='ltr'>Augustini,</span> <span class='ocrx_word' id='word_1_166' title='bbox 398 1538 447 1609; x_wconf 89' lang='lat' dir='ltr'>qni</span> <span class='ocrx_word' id='word_1_167' title='bbox 466 1537 584 1610; x_wconf 79' lang='lat' dir='ltr'>ipsemet</span> <span class='ocrx_word' id='word_1_168' title='bbox 602 1537 687 1592; x_wconf 82' lang='lat' dir='ltr'>etiarn</span> <span class='ocrx_word' id='word_1_169' title='bbox 707 1538 808 1594; x_wconf 73' lang='lat' dir='ltr'>mir-um</span> <span class='ocrx_word' id='word_1_170' title='bbox 822 1538 855 1595; x_wconf 88' lang='lat' dir='ltr'>it·</span> <span class='ocrx_word' id='word_1_171' title='bbox 876 1591 879 1624; x_wconf 64' lang='grc' dir='ltr'>Ι</span> <span class='ocrx_word' id='word_1_172' title='bbox 897 1542 964 1614; x_wconf 80' lang='lat' dir='ltr'>tati,</span> <span class='ocrx_word' id='word_1_173' title='bbox 994 1541 1036 1597; x_wconf 89' lang='lat' dir='ltr'>uti</span> <span class='ocrx_word' id='word_1_174' title='bbox 1060 1542 1176 1598; x_wconf 84' lang='lat' dir='ltr'>arbores</span> <span class='ocrx_word' id='word_1_175' title='bbox 1196 1543 1319 1598; x_wconf 86' lang='lat' dir='ltr'>venturis</span> <span class='ocrx_word' id='word_1_176' title='bbox 1342 1546 1513 1617; x_wconf 77' lang='lat' dir='ltr'>plsrrtamns3</span> <span class='ocrx_word' id='word_1_177' title='bbox 1540 1549 1691 1622; x_wconf 88' lang='lat' dir='ltr'>sultenrqno</span> 
     </span>
     <span class='ocr_line' id='line_1_15' title="bbox 60 1624 1691 1709; baseline 0.009 -29"><span class='ocrx_word' id='word_1_178' title='bbox 60 1625 117 1681; x_wconf 86' lang='lat' dir='ltr'>iam</span> <span class='ocrx_word' id='word_1_179' title='bbox 136 1626 390 1700; x_wconf 67' lang='lat' dir='ltr'>interpretationem</span> <span class='ocrx_word' id='word_1_180' title='bbox 410 1625 508 1697; x_wconf 84' lang='lat' dir='ltr'>nabet,</span> <span class='ocrx_word' id='word_1_181' title='bbox 532 1624 607 1697; x_wconf 88' lang='lat' dir='ltr'>qnod</span> <span class='ocrx_word' id='word_1_182' title='bbox 621 1626 697 1681; x_wconf 86' lang='lat' dir='ltr'>neca</span> <span class='ocrx_word' id='word_1_183' title='bbox 718 1640 774 1681; x_wconf 92' lang='lat' dir='ltr'>non</span> <span class='ocrx_word' id='word_1_184' title='bbox 788 1626 855 1681; x_wconf 84' lang='lat' dir='ltr'>velit</span> <span class='ocrx_word' id='word_1_185' title='bbox 898 1628 1052 1701; x_wconf 88' lang='lat' dir='ltr'>prohiberi,</span> <span class='ocrx_word' id='word_1_186' title='bbox 1076 1646 1113 1685; x_wconf 89' lang='lat' dir='ltr'>ne</span> <span class='ocrx_word' id='word_1_187' title='bbox 1132 1630 1233 1701; x_wconf 83' lang='lat' dir='ltr'>aliquis</span> <span class='ocrx_word' id='word_1_188' title='bbox 1251 1637 1315 1701; x_wconf 88' lang='lat' dir='ltr'>post</span> <span class='ocrx_word' id='word_1_189' title='bbox 1333 1632 1435 1688; x_wconf 90' lang='lat' dir='ltr'>multos</span> <span class='ocrx_word' id='word_1_190' title='bbox 1454 1650 1543 1690; x_wconf 89' lang='lat' dir='ltr'>annos</span> <span class='ocrx_word' id='word_1_191' title='bbox 1563 1636 1598 1691; x_wconf 89' lang='lat' dir='ltr'>de</span> <span class='ocrx_word' id='word_1_192' title='bbox 1611 1654 1691 1709; x_wconf 90' lang='lat' dir='ltr'>prac-</span> 
     </span>
     <span class='ocr_line' id='line_1_16' title="bbox 59 1711 1692 1792; baseline 0.008 -23"><span class='ocrx_word' id='word_1_193' title='bbox 59 1712 166 1770; x_wconf 83' lang='lat' dir='ltr'>saivare</span> <span class='ocrx_word' id='word_1_194' title='bbox 179 1714 287 1784; x_wconf 79' lang='lat' dir='ltr'>singula</span> <span class='ocrx_word' id='word_1_195' title='bbox 301 1728 442 1785; x_wconf 76' lang='lat' dir='ltr'>generum,</span> <span class='ocrx_word' id='word_1_196' title='bbox 456 1711 504 1767; x_wconf 88' lang='lat' dir='ltr'>sed</span> <span class='ocrx_word' id='word_1_197' title='bbox 518 1728 618 1783; x_wconf 78' lang='lat' dir='ltr'>genera</span> <span class='ocrx_word' id='word_1_198' title='bbox 631 1713 810 1786; x_wconf 81' lang='lat' dir='ltr'>singularam.</span> <span class='ocrx_word' id='word_1_199' title='bbox 874 1746 878 1785; x_wconf 52' lang='grc' dir='ltr'>ι</span> <span class='ocrx_word' id='word_1_200' title='bbox 897 1722 974 1772; x_wconf 87' lang='lat' dir='ltr'>sente</span> <span class='ocrx_word' id='word_1_201' title='bbox 993 1717 1118 1787; x_wconf 71' lang='lat' dir='ltr'>neglectu</span> <span class='ocrx_word' id='word_1_202' title='bbox 1134 1717 1213 1789; x_wconf 89' lang='lat' dir='ltr'>queri</span> <span class='ocrx_word' id='word_1_203' title='bbox 1234 1715 1298 1786; x_wconf 87' lang='lat' dir='ltr'>jure</span> <span class='ocrx_word' id='word_1_204' title='bbox 1317 1720 1418 1792; x_wconf 71' lang='lat' dir='ltr'>pressit,</span> <span class='ocrx_word' id='word_1_205' title='bbox 1444 1726 1476 1776; x_wconf 89' lang='lat' dir='ltr'>ut</span> <span class='ocrx_word' id='word_1_206' title='bbox 1495 1738 1546 1777; x_wconf 91' lang='lat' dir='ltr'>nos</span> <span class='ocrx_word' id='word_1_207' title='bbox 1565 1738 1637 1781; x_wconf 90' lang='lat' dir='ltr'>nnnc</span> <span class='ocrx_word' id='word_1_208' title='bbox 1656 1725 1692 1782; x_wconf 91' lang='lat' dir='ltr'>de</span> 
     </span>
     <span class='ocr_line' id='line_1_17' title="bbox 102 1800 1692 1880; baseline 0.007 -23"><span class='ocrx_word' id='word_1_209' title='bbox 102 1801 228 1858; x_wconf 83' lang='lat' dir='ltr'>&#39;litnium</span> <span class='ocrx_word' id='word_1_210' title='bbox 252 1803 436 1857; x_wconf 86' lang='lat' dir='ltr'>tentaminum</span> <span class='ocrx_word' id='word_1_211' title='bbox 460 1800 663 1873; x_wconf 79' lang='lat' dir='ltr'>Tbeodieaese,</span> <span class='ocrx_word' id='word_1_212' title='bbox 693 1802 749 1857; x_wconf 87' lang='lat' dir='ltr'>nisi</span> <span class='ocrx_word' id='word_1_213' title='bbox 772 1802 855 1858; x_wconf 87' lang='lat' dir='ltr'>aliter</span> <span class='ocrx_word' id='word_1_214' title='bbox 874 1800 878 1855; x_wconf 97' lang='grc' dir='ltr'>Ι</span> <span class='ocrx_word' id='word_1_215' title='bbox 896 1804 1044 1876; x_wconf 87' lang='lat' dir='ltr'>praeterito</span> <span class='ocrx_word' id='word_1_216' title='bbox 1069 1805 1215 1877; x_wconf 85' lang='lat' dir='ltr'>querimur.</span> <span class='ocrx_word' id='word_1_217' title='bbox 1261 1807 1357 1877; x_wconf 85' lang='lat' dir='ltr'>ltaque</span> <span class='ocrx_word' id='word_1_218' title='bbox 1382 1810 1583 1880; x_wconf 82' lang='lat' dir='ltr'>propemodum</span> <span class='ocrx_word' id='word_1_219' title='bbox 1600 1812 1692 1868; x_wconf 87' lang='lat' dir='ltr'>audeo</span> 
     </span>
     <span class='ocr_line' id='line_1_18' title="bbox 57 1887 1690 1967; baseline 0.007 -23"><span class='ocrx_word' id='word_1_220' title='bbox 57 1887 174 1963; x_wconf 84' lang='lat' dir='ltr'>judicas,</span> <span class='ocrx_word' id='word_1_221' title='bbox 189 1889 294 1945; x_wconf 81' lang='lat' dir='ltr'>senari</span> <span class='ocrx_word' id='word_1_222' title='bbox 308 1904 389 1961; x_wconf 85' lang='lat' dir='ltr'>posse</span> <span class='ocrx_word' id='word_1_223' title='bbox 402 1892 514 1961; x_wconf 88' lang='lat' dir='ltr'>putem,</span> <span class='ocrx_word' id='word_1_224' title='bbox 537 1892 581 1943; x_wconf 86' lang='lat' dir='ltr'>est</span> <span class='ocrx_word' id='word_1_225' title='bbox 593 1889 668 1944; x_wconf 91' lang='lat' dir='ltr'>enim</span> <span class='ocrx_word' id='word_1_226' title='bbox 682 1889 853 1946; x_wconf 78' lang='lat' dir='ltr'>&#39;iireodieeea</span> <span class='ocrx_word' id='word_1_227' title='bbox 895 1896 956 1947; x_wconf 89' lang='lat' dir='ltr'>ate</span> <span class='ocrx_word' id='word_1_228' title='bbox 969 1896 1070 1965; x_wconf 89' lang='lat' dir='ltr'>petere,</span> <span class='ocrx_word' id='word_1_229' title='bbox 1086 1898 1118 1949; x_wconf 89' lang='lat' dir='ltr'>ut</span> <span class='ocrx_word' id='word_1_230' title='bbox 1132 1908 1190 1948; x_wconf 84' lang='lat' dir='ltr'>rem</span> <span class='ocrx_word' id='word_1_231' title='bbox 1206 1892 1242 1947; x_wconf 89' lang='lat' dir='ltr'>ad</span> <span class='ocrx_word' id='word_1_232' title='bbox 1256 1894 1291 1949; x_wconf 85' lang='lat' dir='ltr'>n.</span> <span class='ocrx_word' id='word_1_233' title='bbox 1305 1895 1335 1949; x_wconf 88' lang='lat' dir='ltr'>P.</span> <span class='ocrx_word' id='word_1_234' title='bbox 1351 1896 1588 1953; x_wconf 79' lang='lat' dir='ltr'>Ptolomaeum</span> <span class='ocrx_word' id='word_1_235' title='bbox 1603 1900 1690 1967; x_wconf 89' lang='lat' dir='ltr'>(curn</span> 
     </span>
     <span class='ocr_line' id='line_1_19' title="bbox 58 1976 1691 2057; baseline 0.007 -24"><span class='ocrx_word' id='word_1_236' title='bbox 58 1976 138 2048; x_wconf 80' lang='lat' dir='ltr'>qnasi</span> <span class='ocrx_word' id='word_1_237' title='bbox 164 1976 293 2033; x_wconf 88' lang='lat' dir='ltr'>scientiae</span> <span class='ocrx_word' id='word_1_238' title='bbox 316 1976 457 2050; x_wconf 86' lang='lat' dir='ltr'>quoddam</span> <span class='ocrx_word' id='word_1_239' title='bbox 476 1990 576 2047; x_wconf 79' lang='lat' dir='ltr'>genus,</span> <span class='ocrx_word' id='word_1_240' title='bbox 601 1976 727 2034; x_wconf 84' lang='lat' dir='ltr'>doctriua</span> <span class='ocrx_word' id='word_1_241' title='bbox 750 1978 854 2034; x_wconf 85' lang='lat' dir='ltr'>seilicet</span> <span class='ocrx_word' id='word_1_242' title='bbox 873 1980 877 2023; x_wconf 88' lang='grc' dir='ltr'>Ι</span> <span class='ocrx_word' id='word_1_243' title='bbox 895 1980 983 2035; x_wconf 88' lang='lat' dir='ltr'>multa</span> <span class='ocrx_word' id='word_1_244' title='bbox 1012 1995 1030 2035; x_wconf 85' lang='lat' dir='ltr'>a</span> <span class='ocrx_word' id='word_1_245' title='bbox 1060 1996 1106 2037; x_wconf 89' lang='lat' dir='ltr'>uro</span> <span class='ocrx_word' id='word_1_246' title='bbox 1132 1980 1240 2049; x_wconf 81' lang='lat' dir='ltr'>salute)</span> <span class='ocrx_word' id='word_1_247' title='bbox 1268 1982 1376 2039; x_wconf 82' lang='lat' dir='ltr'>deteras</span> <span class='ocrx_word' id='word_1_248' title='bbox 1403 1982 1517 2057; x_wconf 85' lang='lat' dir='ltr'>ejusque</span> <span class='ocrx_word' id='word_1_249' title='bbox 1544 1987 1691 2045; x_wconf 87' lang='lat' dir='ltr'>eonsilium</span> 
     </span>
     <span class='ocr_line' id='line_1_20' title="bbox 59 2062 1017 2141; baseline 0.001 -22"><span class='ocrx_word' id='word_1_250' title='bbox 59 2064 94 2120; x_wconf 91' lang='lat' dir='ltr'>de</span> <span class='ocrx_word' id='word_1_251' title='bbox 104 2064 202 2133; x_wconf 82' lang='lat' dir='ltr'>jusitia</span> <span class='ocrx_word' id='word_1_252' title='bbox 217 2064 268 2137; x_wconf 90' lang='lat' dir='ltr'>(id</span> <span class='ocrx_word' id='word_1_253' title='bbox 282 2070 325 2120; x_wconf 87' lang='lat' dir='ltr'>est</span> <span class='ocrx_word' id='word_1_254' title='bbox 339 2064 474 2137; x_wconf 69' lang='lat' dir='ltr'>seruientia</span> <span class='ocrx_word' id='word_1_255' title='bbox 488 2063 571 2120; x_wconf 89' lang='lat' dir='ltr'>simul</span> <span class='ocrx_word' id='word_1_256' title='bbox 585 2067 614 2119; x_wconf 87' lang='lat' dir='ltr'>et</span> <span class='ocrx_word' id='word_1_257' title='bbox 627 2065 773 2136; x_wconf 85' lang='lat' dir='ltr'>bonitate)</span> <span class='ocrx_word' id='word_1_258' title='bbox 791 2064 852 2121; x_wconf 86' lang='lat' dir='ltr'>Dei.</span> <span class='ocrx_word' id='word_1_259' title='bbox 873 2062 876 2075; x_wconf 93' lang='lat'>&#39;</span> <span class='ocrx_word' id='word_1_260' title='bbox 895 2072 1017 2141; x_wconf 81' lang='lat' dir='ltr'>expetas.</span> 
     </span>
     <span class='ocr_line' id='line_1_21' title="bbox 103 2151 1371 2225; baseline 0.002 -19"><span class='ocrx_word' id='word_1_261' title='bbox 103 2153 244 2216; x_wconf 83' lang='lat' dir='ltr'>Quaenam</span> <span class='ocrx_word' id='word_1_262' title='bbox 265 2158 307 2207; x_wconf 86' lang='lat' dir='ltr'>est</span> <span class='ocrx_word' id='word_1_263' title='bbox 320 2152 370 2207; x_wconf 87' lang='lat' dir='ltr'>ilia</span> <span class='ocrx_word' id='word_1_264' title='bbox 384 2152 495 2206; x_wconf 85' lang='lat' dir='ltr'>tandem</span> <span class='ocrx_word' id='word_1_265' title='bbox 510 2151 634 2208; x_wconf 83' lang='lat' dir='ltr'>delinitio</span> <span class='ocrx_word' id='word_1_266' title='bbox 648 2152 774 2209; x_wconf 84' lang='lat' dir='ltr'>Romana</span> <span class='ocrx_word' id='word_1_267' title='bbox 788 2167 875 2225; x_wconf 70' lang='lat' dir='ltr'>can,</span> <span class='ocrx_word' id='word_1_268' title='bbox 1214 2210 1371 2221; x_wconf 41' lang='grc' dir='ltr'><strong>--ῌ-</strong></span> 
     </span>
     <span class='ocr_line' id='line_1_22' title="bbox 59 2238 875 2311; baseline 0.002 -18"><span class='ocrx_word' id='word_1_269' title='bbox 59 2238 372 2311; x_wconf 62' lang='lat' dir='ltr'>armamentisque</span> <span class='ocrx_word' id='word_1_270' title='bbox 389 2239 508 2296; x_wconf 89' lang='lat' dir='ltr'>muitum</span> <span class='ocrx_word' id='word_1_271' title='bbox 522 2254 678 2295; x_wconf 79' lang='lat' dir='ltr'>sermotiem</span> <span class='ocrx_word' id='word_1_272' title='bbox 697 2254 758 2297; x_wconf 83' lang='lat' dir='ltr'>esse</span> <span class='ocrx_word' id='word_1_273' title='bbox 772 2240 852 2295; x_wconf 86' lang='lat' dir='ltr'>intel·</span> <span class='ocrx_word' id='word_1_274' title='bbox 870 2244 875 2305; x_wconf 72' lang='lat' dir='ltr'>i</span> 
     </span>
     <span class='ocr_line' id='line_1_23' title="bbox 58 2326 875 2399; baseline 0.002 -18"><span class='ocrx_word' id='word_1_275' title='bbox 58 2328 130 2399; x_wconf 78' lang='lat' dir='ltr'>ligo,</span> <span class='ocrx_word' id='word_1_276' title='bbox 148 2332 178 2383; x_wconf 88' lang='lat' dir='ltr'>et</span> <span class='ocrx_word' id='word_1_277' title='bbox 194 2328 240 2383; x_wconf 90' lang='lat' dir='ltr'>cui</span> <span class='ocrx_word' id='word_1_278' title='bbox 261 2343 291 2383; x_wconf 89' lang='lat' dir='ltr'>so</span> <span class='ocrx_word' id='word_1_279' title='bbox 311 2328 395 2383; x_wconf 80' lang='lat' dir='ltr'>uestri</span> <span class='ocrx_word' id='word_1_280' title='bbox 409 2327 516 2383; x_wconf 78' lang='lat' dir='ltr'>Romm</span> <span class='ocrx_word' id='word_1_281' title='bbox 527 2326 698 2384; x_wconf 76' lang='lat' dir='ltr'>submiserat</span> <span class='ocrx_word' id='word_1_282' title='bbox 740 2326 770 2383; x_wconf 90' lang='lat' dir='ltr'>Si</span> <span class='ocrx_word' id='word_1_283' title='bbox 783 2326 853 2383; x_wconf 82' lang='lat' dir='ltr'>&#39;lur-</span> <span class='ocrx_word' id='word_1_284' title='bbox 872 2362 875 2399; x_wconf 51' lang='grc' dir='ltr'><strong>ς</strong></span> 
     </span>
     <span class='ocr_line' id='line_1_24' title="bbox 58 2414 876 2487; baseline 0.002 -18"><span class='ocrx_word' id='word_1_285' title='bbox 58 2414 178 2469; x_wconf 90' lang='lat' dir='ltr'>noniana</span> <span class='ocrx_word' id='word_1_286' title='bbox 197 2414 306 2470; x_wconf 82' lang='lat' dir='ltr'>decreta</span> <span class='ocrx_word' id='word_1_287' title='bbox 325 2414 507 2471; x_wconf 85' lang='lat' dir='ltr'>centimantur</span> <span class='ocrx_word' id='word_1_288' title='bbox 525 2416 585 2471; x_wconf 90' lang='lat' dir='ltr'>sine</span> <span class='ocrx_word' id='word_1_289' title='bbox 600 2414 804 2487; x_wconf 87' lang='lat' dir='ltr'>moderatione,</span> <span class='ocrx_word' id='word_1_290' title='bbox 824 2420 876 2481; x_wconf 84' lang='lat' dir='ltr'>et;</span> 
     </span>
     <span class='ocr_line' id='line_1_25' title="bbox 59 2500 1689 2576; baseline 0.006 -20"><span class='ocrx_word' id='word_1_291' title='bbox 59 2502 113 2557; x_wconf 90' lang='lat' dir='ltr'>nisi</span> <span class='ocrx_word' id='word_1_292' title='bbox 140 2503 218 2558; x_wconf 86' lang='lat' dir='ltr'>curia</span> <span class='ocrx_word' id='word_1_293' title='bbox 232 2502 359 2559; x_wconf 83' lang='lat' dir='ltr'>Romana</span> <span class='ocrx_word' id='word_1_294' title='bbox 382 2518 443 2557; x_wconf 89' lang='lat' dir='ltr'>rear</span> <span class='ocrx_word' id='word_1_295' title='bbox 467 2502 583 2559; x_wconf 69' lang='lat' dir='ltr'>orbino</span> <span class='ocrx_word' id='word_1_296' title='bbox 608 2502 701 2575; x_wconf 87' lang='lat' dir='ltr'>atiquo</span> <span class='ocrx_word' id='word_1_297' title='bbox 716 2502 852 2576; x_wconf 72' lang='lat' dir='ltr'>involant,</span> <span class='ocrx_word' id='word_1_298' title='bbox 872 2500 876 2515; x_wconf 86' lang='lat'><strong>¹</strong></span> <span class='ocrx_word' id='word_1_299' title='bbox 896 2500 1213 2559; x_wconf 79' lang='lat' dir='ltr'>Reverendissimc</span> <span class='ocrx_word' id='word_1_300' title='bbox 1245 2508 1362 2576; x_wconf 85' lang='lat' dir='ltr'>pater,</span> <span class='ocrx_word' id='word_1_301' title='bbox 1395 2506 1513 2562; x_wconf 86' lang='lat' dir='ltr'>tautor</span> <span class='ocrx_word' id='word_1_302' title='bbox 1542 2505 1689 2566; x_wconf 82' lang='lat' dir='ltr'>berroea·</span> 
     </span>
     <span class='ocr_line' id='line_1_26' title="bbox 59 2588 1361 2663; baseline 0.002 -20"><span class='ocrx_word' id='word_1_303' title='bbox 59 2605 171 2663; x_wconf 74' lang='lat' dir='ltr'>aereae,</span> <span class='ocrx_word' id='word_1_304' title='bbox 186 2604 221 2646; x_wconf 85' lang='lat' dir='ltr'>ne</span> <span class='ocrx_word' id='word_1_305' title='bbox 230 2588 351 2647; x_wconf 84' lang='lat' dir='ltr'>sinensis</span> <span class='ocrx_word' id='word_1_306' title='bbox 366 2590 460 2647; x_wconf 70' lang='lat' dir='ltr'>mmsio</span> <span class='ocrx_word' id='word_1_307' title='bbox 474 2595 646 2663; x_wconf 71' lang='lat' dir='ltr'>poesnmeat,</span> <span class='ocrx_word' id='word_1_308' title='bbox 666 2590 741 2662; x_wconf 90' lang='lat' dir='ltr'>quod</span> <span class='ocrx_word' id='word_1_309' title='bbox 755 2590 852 2647; x_wconf 88' lang='lat' dir='ltr'>nolim.</span> <span class='ocrx_word' id='word_1_310' title='bbox 872 2590 875 2659; x_wconf 85' lang='lat'>!</span> <span class='ocrx_word' id='word_1_311' title='bbox 1218 2606 1361 2663; x_wconf 55' lang='lat' dir='ltr'>fifflm,</span> 
     </span>
     <span class='ocr_line' id='line_1_27' title="bbox 57 2672 876 2752; baseline 0 -19"><span class='ocrx_word' id='word_1_312' title='bbox 57 2677 166 2752; x_wconf 87' lang='lat' dir='ltr'>Nescio,</span> <span class='ocrx_word' id='word_1_313' title='bbox 182 2692 218 2734; x_wconf 88' lang='lat' dir='ltr'>an</span> <span class='ocrx_word' id='word_1_314' title='bbox 238 2678 272 2733; x_wconf 89' lang='lat' dir='ltr'>R.</span> <span class='ocrx_word' id='word_1_315' title='bbox 286 2678 318 2733; x_wconf 81' lang='grc' dir='ltr'>Ρ.</span> <span class='ocrx_word' id='word_1_316' title='bbox 336 2678 551 2735; x_wconf 80' lang='grc' dir='ltr'>Τιιιιιιιιιίιιο</span> <span class='ocrx_word' id='word_1_317' title='bbox 575 2677 782 2751; x_wconf 78' lang='lat' dir='ltr'>significaveris,</span> <span class='ocrx_word' id='word_1_318' title='bbox 808 2692 854 2733; x_wconf 88' lang='lat' dir='ltr'>nro</span> <span class='ocrx_word' id='word_1_319' title='bbox 872 2672 876 2751; x_wconf 68' lang='grc' dir='ltr'><em>ξ</em></span> 
     </span>
     <span class='ocr_line' id='line_1_28' title="bbox 57 2761 1691 2839; baseline 0.004 -20"><span class='ocrx_word' id='word_1_320' title='bbox 57 2765 170 2821; x_wconf 85' lang='lat' dir='ltr'>annales</span> <span class='ocrx_word' id='word_1_321' title='bbox 183 2766 341 2823; x_wconf 84' lang='lat' dir='ltr'>molientem</span> <span class='ocrx_word' id='word_1_322' title='bbox 356 2766 420 2821; x_wconf 87' lang='lat' dir='ltr'>inde</span> <span class='ocrx_word' id='word_1_323' title='bbox 433 2767 470 2822; x_wconf 90' lang='lat' dir='ltr'>ab</span> <span class='ocrx_word' id='word_1_324' title='bbox 486 2766 567 2821; x_wconf 91' lang='lat' dir='ltr'>initio</span> <span class='ocrx_word' id='word_1_325' title='bbox 581 2766 658 2839; x_wconf 75' lang='lat' dir='ltr'>regni</span> <span class='ocrx_word' id='word_1_326' title='bbox 678 2766 797 2822; x_wconf 82' lang='lat' dir='ltr'>caroli</span> <span class='ocrx_word' id='word_1_327' title='bbox 811 2767 853 2823; x_wconf 89' lang='lat' dir='ltr'>M.</span> <span class='ocrx_word' id='word_1_328' title='bbox 942 2761 971 2818; x_wconf 85' lang='lat' dir='ltr'>si</span> <span class='ocrx_word' id='word_1_329' title='bbox 991 2763 1021 2818; x_wconf 90' lang='lat' dir='ltr'>id</span> <span class='ocrx_word' id='word_1_330' title='bbox 1040 2761 1115 2836; x_wconf 91' lang='lat' dir='ltr'>quod</span> <span class='ocrx_word' id='word_1_331' title='bbox 1136 2763 1305 2820; x_wconf 86' lang='lat' dir='ltr'>blonadibus</span> <span class='ocrx_word' id='word_1_332' title='bbox 1323 2764 1517 2836; x_wconf 70' lang='lat' dir='ltr'>mqrcmdditur</span> <span class='ocrx_word' id='word_1_333' title='bbox 1536 2768 1572 2823; x_wconf 89' lang='lat' dir='ltr'>ad</span> <span class='ocrx_word' id='word_1_334' title='bbox 1593 2768 1691 2825; x_wconf 81' lang='lat' dir='ltr'>facien</span> 
     </span>
     <span class='ocr_line' id='line_1_29' title="bbox 53 2848 1692 2929; baseline 0.004 -22"><span class='ocrx_word' id='word_1_335' title='bbox 53 2853 116 2922; x_wconf 83' lang='lat' dir='ltr'>jam</span> <span class='ocrx_word' id='word_1_336' title='bbox 132 2852 342 2923; x_wconf 76' lang='lat' dir='ltr'>Carolingos</span> <span class='ocrx_word' id='word_1_337' title='bbox 366 2854 439 2911; x_wconf 90' lang='lat' dir='ltr'>ultra</span> <span class='ocrx_word' id='word_1_338' title='bbox 460 2868 547 2925; x_wconf 86' lang='lat' dir='ltr'>usque</span> <span class='ocrx_word' id='word_1_339' title='bbox 566 2854 603 2909; x_wconf 89' lang='lat' dir='ltr'>ad</span> <span class='ocrx_word' id='word_1_340' title='bbox 617 2852 741 2909; x_wconf 64' lang='lat' dir='ltr'>&amp;nones</span> <span class='ocrx_word' id='word_1_341' title='bbox 755 2853 852 2928; x_wconf 79' lang='lat' dir='ltr'>Reges,</span> <span class='ocrx_word' id='word_1_342' title='bbox 895 2848 961 2905; x_wconf 85' lang='lat' dir='ltr'>daur</span> <span class='ocrx_word' id='word_1_343' title='bbox 974 2850 1107 2906; x_wconf 89' lang='lat' dir='ltr'>unionem</span> <span class='ocrx_word' id='word_1_344' title='bbox 1120 2850 1301 2907; x_wconf 72' lang='lat' dir='ltr'>saisiantialo</span> <span class='ocrx_word' id='word_1_345' title='bbox 1320 2868 1382 2907; x_wconf 78' lang='lat' dir='ltr'>csse</span> <span class='ocrx_word' id='word_1_346' title='bbox 1396 2868 1494 2927; x_wconf 76' lang='lat' dir='ltr'>negas,</span> <span class='ocrx_word' id='word_1_347' title='bbox 1511 2853 1572 2922; x_wconf 86' lang='lat' dir='ltr'>jarn</span> <span class='ocrx_word' id='word_1_348' title='bbox 1591 2873 1692 2929; x_wconf 90' lang='lat' dir='ltr'>eorpus</span> 
     </span>
     <span class='ocr_line' id='line_1_30' title="bbox 58 2937 1692 3013; baseline 0.006 -20"><span class='ocrx_word' id='word_1_349' title='bbox 58 2940 104 2995; x_wconf 85' lang='lat' dir='ltr'>vel</span> <span class='ocrx_word' id='word_1_350' title='bbox 119 2941 302 3013; x_wconf 79' lang='lat' dir='ltr'>imperatores</span> <span class='ocrx_word' id='word_1_351' title='bbox 326 2941 496 3013; x_wconf 79' lang='lat' dir='ltr'>peremisse,</span> <span class='ocrx_word' id='word_1_352' title='bbox 521 2954 576 3012; x_wconf 90' lang='lat' dir='ltr'>qua</span> <span class='ocrx_word' id='word_1_353' title='bbox 602 2940 746 2998; x_wconf 89' lang='lat' dir='ltr'>occasione</span> <span class='ocrx_word' id='word_1_354' title='bbox 768 2942 854 2997; x_wconf 86' lang='lat' dir='ltr'>ctiam</span> <span class='ocrx_word' id='word_1_355' title='bbox 895 2938 1050 2995; x_wconf 82' lang='lat' dir='ltr'>arbstantie</span> <span class='ocrx_word' id='word_1_356' title='bbox 1075 2937 1130 2992; x_wconf 87' lang='lat' dir='ltr'>dici</span> <span class='ocrx_word' id='word_1_357' title='bbox 1150 2954 1207 2993; x_wconf 92' lang='lat' dir='ltr'>non</span> <span class='ocrx_word' id='word_1_358' title='bbox 1228 2944 1332 3010; x_wconf 73' lang='lat' dir='ltr'>potest,</span> <span class='ocrx_word' id='word_1_359' title='bbox 1356 2938 1397 2994; x_wconf 85' lang='lat' dir='ltr'>ita</span> <span class='ocrx_word' id='word_1_360' title='bbox 1416 2941 1492 2995; x_wconf 88' lang='lat' dir='ltr'>euim</span> <span class='ocrx_word' id='word_1_361' title='bbox 1511 2956 1618 2998; x_wconf 81' lang='lat' dir='ltr'>mercna</span> <span class='ocrx_word' id='word_1_362' title='bbox 1638 2947 1692 3003; x_wconf 88' lang='lat' dir='ltr'>erit</span> 
     </span>
     <span class='ocr_line' id='line_1_31' title="bbox 57 3025 1691 3099; baseline 0.003 -16"><span class='ocrx_word' id='word_1_363' title='bbox 57 3028 201 3099; x_wconf 85' lang='lat' dir='ltr'>Papissam</span> <span class='ocrx_word' id='word_1_364' title='bbox 235 3028 402 3085; x_wconf 86' lang='lat' dir='ltr'>discutiendi</span> <span class='ocrx_word' id='word_1_365' title='bbox 431 3029 575 3084; x_wconf 61' lang='lat' dir='ltr'>necesitas</span> <span class='ocrx_word' id='word_1_366' title='bbox 605 3028 666 3083; x_wconf 79' lang='lat' dir='ltr'>init</span> <span class='ocrx_word' id='word_1_367' title='bbox 715 3027 796 3093; x_wconf 86' lang='lat' dir='ltr'>Quod</span> <span class='ocrx_word' id='word_1_368' title='bbox 827 3026 852 3085; x_wconf 87' lang='lat' dir='ltr'>si</span> <span class='ocrx_word' id='word_1_369' title='bbox 895 3025 1049 3081; x_wconf 84' lang='lat' dir='ltr'>blonadum</span> <span class='ocrx_word' id='word_1_370' title='bbox 1069 3030 1262 3099; x_wconf 73' lang='lat' dir='ltr'>aggregatum,</span> <span class='ocrx_word' id='word_1_371' title='bbox 1277 3032 1307 3082; x_wconf 92' lang='lat' dir='ltr'>ct</span> <span class='ocrx_word' id='word_1_372' title='bbox 1321 3042 1431 3099; x_wconf 84' lang='lat' dir='ltr'>uereor,</span> <span class='ocrx_word' id='word_1_373' title='bbox 1447 3044 1482 3083; x_wconf 92' lang='lat' dir='ltr'>ne</span> <span class='ocrx_word' id='word_1_374' title='bbox 1496 3028 1526 3085; x_wconf 93' lang='lat' dir='ltr'>ia</span> <span class='ocrx_word' id='word_1_375' title='bbox 1540 3045 1615 3087; x_wconf 84' lang='lat' dir='ltr'>urere</span> <span class='ocrx_word' id='word_1_376' title='bbox 1630 3049 1691 3088; x_wconf 90' lang='lat' dir='ltr'>eor·</span> 
     </span>
     <span class='ocr_line' id='line_1_32' title="bbox 58 3112 1692 3192; baseline 0.002 -21"><span class='ocrx_word' id='word_1_377' title='bbox 58 3115 93 3171; x_wconf 83' lang='lat' dir='ltr'>rt.</span> <span class='ocrx_word' id='word_1_378' title='bbox 107 3114 138 3170; x_wconf 83' lang='lat' dir='ltr'>P.</span> <span class='ocrx_word' id='word_1_379' title='bbox 158 3116 285 3171; x_wconf 86' lang='lat' dir='ltr'>Daniel</span> <span class='ocrx_word' id='word_1_380' title='bbox 309 3115 339 3170; x_wconf 90' lang='lat' dir='ltr'>in</span> <span class='ocrx_word' id='word_1_381' title='bbox 360 3116 431 3187; x_wconf 88' lang='lat' dir='ltr'>scis,</span> <span class='ocrx_word' id='word_1_382' title='bbox 458 3131 528 3187; x_wconf 89' lang='lat' dir='ltr'>quos</span> <span class='ocrx_word' id='word_1_383' title='bbox 546 3114 598 3172; x_wconf 84' lang='lat' dir='ltr'>srrb</span> <span class='ocrx_word' id='word_1_384' title='bbox 618 3114 746 3172; x_wconf 89' lang='lat' dir='ltr'>rnanibus</span> <span class='ocrx_word' id='word_1_385' title='bbox 761 3117 852 3187; x_wconf 81' lang='lat' dir='ltr'>baiset,</span> <span class='ocrx_word' id='word_1_386' title='bbox 895 3128 995 3185; x_wconf 71' lang='lat' dir='ltr'>prorum</span> <span class='ocrx_word' id='word_1_387' title='bbox 1019 3113 1210 3185; x_wconf 79' lang='lat' dir='ltr'>phaenomena</span> <span class='ocrx_word' id='word_1_388' title='bbox 1234 3112 1348 3169; x_wconf 83' lang='lat' dir='ltr'>recidas.</span> <span class='ocrx_word' id='word_1_389' title='bbox 1391 3116 1525 3172; x_wconf 74' lang='lat' dir='ltr'>monades</span> <span class='ocrx_word' id='word_1_390' title='bbox 1548 3120 1623 3174; x_wconf 88' lang='lat' dir='ltr'>caim</span> <span class='ocrx_word' id='word_1_391' title='bbox 1643 3136 1692 3192; x_wconf 86' lang='lat' dir='ltr'>per</span> 
     </span>
     <span class='ocr_line' id='line_1_33' title="bbox 59 3200 1690 3280; baseline 0.002 -21"><span class='ocrx_word' id='word_1_392' title='bbox 59 3202 226 3259; x_wconf 80' lang='lat' dir='ltr'>Francorum</span> <span class='ocrx_word' id='word_1_393' title='bbox 240 3202 395 3277; x_wconf 85' lang='lat' dir='ltr'>annalibus,</span> <span class='ocrx_word' id='word_1_394' title='bbox 408 3204 461 3259; x_wconf 91' lang='lat' dir='ltr'>truc</span> <span class='ocrx_word' id='word_1_395' title='bbox 476 3218 564 3275; x_wconf 89' lang='lat' dir='ltr'>usque</span> <span class='ocrx_word' id='word_1_396' title='bbox 574 3204 658 3259; x_wconf 72' lang='lat' dir='ltr'>dmm</span> <span class='ocrx_word' id='word_1_397' title='bbox 667 3204 808 3275; x_wconf 76' lang='lat' dir='ltr'>qnoceanit,</span> <span class='ocrx_word' id='word_1_398' title='bbox 822 3203 853 3258; x_wconf 90' lang='lat' dir='ltr'>in</span> <span class='ocrx_word' id='word_1_399' title='bbox 895 3216 926 3257; x_wconf 88' lang='lat' dir='ltr'>se</span> <span class='ocrx_word' id='word_1_400' title='bbox 939 3215 976 3256; x_wconf 92' lang='lat' dir='ltr'>nc</span> <span class='ocrx_word' id='word_1_401' title='bbox 988 3200 1074 3256; x_wconf 88' lang='lat' dir='ltr'>situm</span> <span class='ocrx_word' id='word_1_402' title='bbox 1087 3201 1198 3271; x_wconf 88' lang='lat' dir='ltr'>quidem</span> <span class='ocrx_word' id='word_1_403' title='bbox 1212 3201 1285 3257; x_wconf 86' lang='lat' dir='ltr'>inter</span> <span class='ocrx_word' id='word_1_404' title='bbox 1299 3218 1330 3256; x_wconf 88' lang='lat' dir='ltr'>se</span> <span class='ocrx_word' id='word_1_405' title='bbox 1343 3201 1453 3276; x_wconf 88' lang='lat' dir='ltr'>babent,</span> <span class='ocrx_word' id='word_1_406' title='bbox 1467 3218 1566 3276; x_wconf 88' lang='lat' dir='ltr'>nempe</span> <span class='ocrx_word' id='word_1_407' title='bbox 1577 3208 1690 3280; x_wconf 88' lang='lat' dir='ltr'>realem,</span> 
     </span>
     <span class='ocr_line' id='line_1_34' title="bbox 58 3287 1691 3365; baseline 0.002 -20"><span class='ocrx_word' id='word_1_408' title='bbox 58 3290 152 3345; x_wconf 91' lang='lat' dir='ltr'>nruitis</span> <span class='ocrx_word' id='word_1_409' title='bbox 171 3290 254 3347; x_wconf 72' lang='lat' dir='ltr'>merlo</span> <span class='ocrx_word' id='word_1_410' title='bbox 272 3292 481 3365; x_wconf 81' lang='lat' dir='ltr'>corruenieurus,</span> <span class='ocrx_word' id='word_1_411' title='bbox 505 3296 534 3347; x_wconf 88' lang='lat' dir='ltr'>et</span> <span class='ocrx_word' id='word_1_412' title='bbox 553 3291 578 3346; x_wconf 90' lang='lat' dir='ltr'>si</span> <span class='ocrx_word' id='word_1_413' title='bbox 603 3306 659 3363; x_wconf 85' lang='lat' dir='ltr'>qua</span> <span class='ocrx_word' id='word_1_414' title='bbox 683 3295 854 3363; x_wconf 69' lang='lat' dir='ltr'>superessent</span> <span class='ocrx_word' id='word_1_415' title='bbox 895 3288 944 3359; x_wconf 83' lang='lat' dir='ltr'>qni</span> <span class='ocrx_word' id='word_1_416' title='bbox 973 3287 1047 3343; x_wconf 88' lang='lat' dir='ltr'>ultra</span> <span class='ocrx_word' id='word_1_417' title='bbox 1078 3287 1334 3344; x_wconf 85' lang='lat' dir='ltr'>Phaenomenornm</span> <span class='ocrx_word' id='word_1_418' title='bbox 1369 3290 1496 3347; x_wconf 80' lang='lat' dir='ltr'>ominem</span> <span class='ocrx_word' id='word_1_419' title='bbox 1526 3294 1691 3362; x_wconf 77' lang='lat' dir='ltr'>porrigatur.</span> 
     </span>
     <span class='ocr_line' id='line_1_35' title="bbox 56 3375 1690 3453; baseline 0.002 -21"><span class='ocrx_word' id='word_1_420' title='bbox 56 3377 156 3450; x_wconf 87' lang='lat' dir='ltr'>dubia,</span> <span class='ocrx_word' id='word_1_421' title='bbox 182 3394 325 3451; x_wconf 69' lang='lat' dir='ltr'>possemus</span> <span class='ocrx_word' id='word_1_422' title='bbox 342 3380 475 3435; x_wconf 75' lang='lat' dir='ltr'>conane.</span> <span class='ocrx_word' id='word_1_423' title='bbox 519 3379 732 3449; x_wconf 77' lang='lat' dir='ltr'>chronologiam</span> <span class='ocrx_word' id='word_1_424' title='bbox 751 3377 792 3434; x_wconf 90' lang='lat' dir='ltr'>sic</span> <span class='ocrx_word' id='word_1_425' title='bbox 811 3393 854 3434; x_wconf 86' lang='lat' dir='ltr'>sa·</span> <span class='ocrx_word' id='word_1_426' title='bbox 898 3375 1086 3446; x_wconf 85' lang='lat' dir='ltr'>Unaquaeque</span> <span class='ocrx_word' id='word_1_427' title='bbox 1110 3386 1153 3431; x_wconf 85' lang='lat' dir='ltr'>est</span> <span class='ocrx_word' id='word_1_428' title='bbox 1175 3377 1252 3430; x_wconf 80' lang='lat' dir='ltr'>seint</span> <span class='ocrx_word' id='word_1_429' title='bbox 1272 3382 1414 3447; x_wconf 74' lang='lat' dir='ltr'>separatus</span> <span class='ocrx_word' id='word_1_430' title='bbox 1433 3378 1547 3449; x_wconf 87' lang='lat' dir='ltr'>quidam</span> <span class='ocrx_word' id='word_1_431' title='bbox 1562 3381 1690 3453; x_wconf 79' lang='lat' dir='ltr'>mundam,</span> 
     </span>
     <span class='ocr_line' id='line_1_36' title="bbox 57 3461 1691 3540; baseline 0.001 -21"><span class='ocrx_word' id='word_1_432' title='bbox 57 3465 94 3519; x_wconf 91' lang='lat' dir='ltr'>tis</span> <span class='ocrx_word' id='word_1_433' title='bbox 107 3467 281 3522; x_wconf 87' lang='lat' dir='ltr'>eorrstitnisse</span> <span class='ocrx_word' id='word_1_434' title='bbox 300 3468 369 3522; x_wconf 90' lang='lat' dir='ltr'>mibi</span> <span class='ocrx_word' id='word_1_435' title='bbox 384 3467 487 3523; x_wconf 82' lang='lat' dir='ltr'>videor.</span> <span class='ocrx_word' id='word_1_436' title='bbox 532 3465 613 3531; x_wconf 84' lang='lat' dir='ltr'>Quod</span> <span class='ocrx_word' id='word_1_437' title='bbox 633 3470 772 3539; x_wconf 87' lang='lat' dir='ltr'>superest,</span> <span class='ocrx_word' id='word_1_438' title='bbox 792 3465 855 3521; x_wconf 83' lang='lat' dir='ltr'>vale</span> <span class='ocrx_word' id='word_1_439' title='bbox 896 3467 925 3517; x_wconf 88' lang='lat' dir='ltr'>et</span> <span class='ocrx_word' id='word_1_440' title='bbox 950 3462 978 3517; x_wconf 86' lang='lat' dir='ltr'>tri</span> <span class='ocrx_word' id='word_1_441' title='bbox 1004 3478 1054 3533; x_wconf 88' lang='lat' dir='ltr'>per</span> <span class='ocrx_word' id='word_1_442' title='bbox 1079 3461 1268 3533; x_wconf 72' lang='lat' dir='ltr'>pbmnonrena</span> <span class='ocrx_word' id='word_1_443' title='bbox 1291 3478 1341 3518; x_wconf 89' lang='lat' dir='ltr'>soa</span> <span class='ocrx_word' id='word_1_444' title='bbox 1363 3465 1539 3521; x_wconf 90' lang='lat' dir='ltr'>consentiunt</span> <span class='ocrx_word' id='word_1_445' title='bbox 1557 3467 1630 3522; x_wconf 91' lang='lat' dir='ltr'>inter</span> <span class='ocrx_word' id='word_1_446' title='bbox 1652 3484 1691 3540; x_wconf 89' lang='lat' dir='ltr'>se,</span> 
     </span>
     <span class='ocr_line' id='line_1_37' title="bbox 56 3548 1494 3629; baseline -0.001 -22"><span class='ocrx_word' id='word_1_447' title='bbox 56 3556 84 3607; x_wconf 88' lang='lat' dir='ltr'>et</span> <span class='ocrx_word' id='word_1_448' title='bbox 98 3554 171 3607; x_wconf 77' lang='lat' dir='ltr'>tare.</span> <span class='ocrx_word' id='word_1_449' title='bbox 823 3621 827 3629; x_wconf 26' lang='grc' dir='ltr'>Ι</span> <span class='ocrx_word' id='word_1_450' title='bbox 896 3548 974 3604; x_wconf 87' lang='lat' dir='ltr'>nullo</span> <span class='ocrx_word' id='word_1_451' title='bbox 987 3549 1043 3605; x_wconf 88' lang='lat' dir='ltr'>alio</span> <span class='ocrx_word' id='word_1_452' title='bbox 1057 3564 1108 3620; x_wconf 90' lang='lat' dir='ltr'>per</span> <span class='ocrx_word' id='word_1_453' title='bbox 1121 3566 1152 3604; x_wconf 88' lang='lat' dir='ltr'>se</span> <span class='ocrx_word' id='word_1_454' title='bbox 1164 3549 1345 3623; x_wconf 86' lang='lat' dir='ltr'>commercio,</span> <span class='ocrx_word' id='word_1_455' title='bbox 1360 3566 1494 3622; x_wconf 80' lang='lat' dir='ltr'>nexuque.</span> 
     </span>
     <span class='ocr_line' id='line_1_38' title="bbox 101 3636 1691 3710; baseline 0.002 -16"><span class='ocrx_word' id='word_1_456' title='bbox 101 3638 211 3695; x_wconf 80' lang='lat' dir='ltr'>nobam</span> <span class='ocrx_word' id='word_1_457' title='bbox 225 3639 387 3696; x_wconf 79' lang='lat' dir='ltr'>Hanoverae</span> <span class='ocrx_word' id='word_1_458' title='bbox 405 3640 455 3695; x_wconf 84' lang='lat'>15.</span> <span class='ocrx_word' id='word_1_459' title='bbox 472 3638 552 3695; x_wconf 81' lang='lat' dir='ltr'>Febr.</span> <span class='ocrx_word' id='word_1_460' title='bbox 572 3638 609 3693; x_wconf 83' lang='lat' dir='ltr'>l&#39;i</span> <span class='ocrx_word' id='word_1_461' title='bbox 617 3638 667 3693; x_wconf 86' lang='lat'>12.</span> <span class='ocrx_word' id='word_1_462' title='bbox 940 3636 969 3692; x_wconf 90' lang='lat' dir='ltr'>Si</span> <span class='ocrx_word' id='word_1_463' title='bbox 984 3637 1149 3693; x_wconf 86' lang='lat' dir='ltr'>accidens</span> <span class='ocrx_word' id='word_1_464' title='bbox 1162 3650 1259 3710; x_wconf 89' lang='lat' dir='ltr'>voerrs,</span> <span class='ocrx_word' id='word_1_465' title='bbox 1275 3636 1405 3708; x_wconf 88' lang='lat' dir='ltr'>quiequid</span> <span class='ocrx_word' id='word_1_466' title='bbox 1419 3638 1604 3693; x_wconf 87' lang='lat' dir='ltr'>substantiam</span> <span class='ocrx_word' id='word_1_467' title='bbox 1616 3654 1691 3697; x_wconf 82' lang='lat' dir='ltr'>eom·</span> 
     </span>
     <span class='ocr_line' id='line_1_39' title="bbox 502 3722 1691 3801; baseline 0.002 -20"><span class='ocrx_word' id='word_1_468' title='bbox 502 3726 696 3781; x_wconf 87' lang='lat' dir='ltr'>Deditissimus</span> <span class='ocrx_word' id='word_1_469' title='bbox 874 3764 878 3801; x_wconf 78' lang='lat'>,</span> <span class='ocrx_word' id='word_1_470' title='bbox 896 3724 1000 3795; x_wconf 84' lang='lat' dir='ltr'>pictam</span> <span class='ocrx_word' id='word_1_471' title='bbox 1020 3726 1060 3780; x_wconf 89' lang='lat' dir='ltr'>ita</span> <span class='ocrx_word' id='word_1_472' title='bbox 1077 3722 1221 3797; x_wconf 88' lang='lat' dir='ltr'>supponit,</span> <span class='ocrx_word' id='word_1_473' title='bbox 1242 3728 1274 3780; x_wconf 89' lang='lat' dir='ltr'>nt</span> <span class='ocrx_word' id='word_1_474' title='bbox 1293 3726 1455 3781; x_wconf 86' lang='lat' dir='ltr'>naturairtee</span> <span class='ocrx_word' id='word_1_475' title='bbox 1475 3726 1535 3779; x_wconf 89' lang='lat' dir='ltr'>sine</span> <span class='ocrx_word' id='word_1_476' title='bbox 1554 3726 1616 3797; x_wconf 86' lang='lat' dir='ltr'>ipsa</span> <span class='ocrx_word' id='word_1_477' title='bbox 1630 3742 1691 3783; x_wconf 79' lang='lat' dir='ltr'>esse</span> 
     </span>
     <span class='ocr_line' id='line_1_40' title="bbox 396 3804 1691 3939; baseline 0.002 -70"><span class='ocrx_word' id='word_1_478' title='bbox 396 3814 432 3869; x_wconf 84' lang='lat' dir='ltr'>G.</span> <span class='ocrx_word' id='word_1_479' title='bbox 461 3814 497 3869; x_wconf 83' lang='lat' dir='ltr'>G.</span> <span class='ocrx_word' id='word_1_480' title='bbox 526 3812 787 3869; x_wconf 82' lang='lat' dir='ltr'>Leibnitiuu.</span> <span class='ocrx_word' id='word_1_481' title='bbox 874 3804 1028 3939; x_wconf 67' lang='lat' dir='ltr'>lneqnmt,</span> <span class='ocrx_word' id='word_1_482' title='bbox 1055 3826 1113 3869; x_wconf 89' lang='lat' dir='ltr'>non</span> <span class='ocrx_word' id='word_1_483' title='bbox 1126 3812 1261 3884; x_wconf 85' lang='lat' dir='ltr'>explices,</span> <span class='ocrx_word' id='word_1_484' title='bbox 1282 3812 1312 3867; x_wconf 94' lang='lat' dir='ltr'>in</span> <span class='ocrx_word' id='word_1_485' title='bbox 1327 3828 1384 3883; x_wconf 92' lang='lat' dir='ltr'>qno</span> <span class='ocrx_word' id='word_1_486' title='bbox 1401 3814 1532 3868; x_wconf 89' lang='lat' dir='ltr'>consistat</span> <span class='ocrx_word' id='word_1_487' title='bbox 1547 3814 1591 3885; x_wconf 92' lang='lat' dir='ltr'>id,</span> <span class='ocrx_word' id='word_1_488' title='bbox 1615 3812 1691 3885; x_wconf 85' lang='lat' dir='ltr'>quod</span> 
     </span>
     <span class='ocr_line' id='line_1_41' title="bbox 103 3898 1690 3972; baseline 0.003 -17"><span class='ocrx_word' id='word_1_489' title='bbox 103 3900 135 3955; x_wconf 85' lang='lat' dir='ltr'>P.</span> <span class='ocrx_word' id='word_1_490' title='bbox 160 3901 187 3955; x_wconf 90' lang='lat' dir='ltr'>S.</span> <span class='ocrx_word' id='word_1_491' title='bbox 231 3898 316 3956; x_wconf 85' lang='lat' dir='ltr'>Venit</span> <span class='ocrx_word' id='word_1_492' title='bbox 329 3898 478 3972; x_wconf 87' lang='lat' dir='ltr'>aliqnando</span> <span class='ocrx_word' id='word_1_493' title='bbox 504 3901 533 3956; x_wconf 91' lang='lat' dir='ltr'>in</span> <span class='ocrx_word' id='word_1_494' title='bbox 554 3905 676 3957; x_wconf 87' lang='lat' dir='ltr'>merrtem</span> <span class='ocrx_word' id='word_1_495' title='bbox 696 3903 801 3971; x_wconf 86' lang='lat' dir='ltr'>optare.</span> <span class='ocrx_word' id='word_1_496' title='bbox 821 3902 854 3955; x_wconf 91' lang='lat' dir='ltr'>nt</span> <span class='ocrx_word' id='word_1_497' title='bbox 875 3942 878 3952; x_wconf 89' lang='lat'><em>.</em></span> <span class='ocrx_word' id='word_1_498' title='bbox 896 3900 1030 3956; x_wconf 88' lang='lat' dir='ltr'>accidenti</span> <span class='ocrx_word' id='word_1_499' title='bbox 1048 3905 1091 3956; x_wconf 87' lang='lat' dir='ltr'>est</span> <span class='ocrx_word' id='word_1_500' title='bbox 1110 3899 1269 3971; x_wconf 83' lang='lat' dir='ltr'>essentiale,</span> <span class='ocrx_word' id='word_1_501' title='bbox 1295 3904 1325 3953; x_wconf 92' lang='lat' dir='ltr'>ct</span> <span class='ocrx_word' id='word_1_502' title='bbox 1345 3916 1401 3970; x_wconf 93' lang='lat' dir='ltr'>quo</span> <span class='ocrx_word' id='word_1_503' title='bbox 1415 3902 1499 3955; x_wconf 89' lang='lat' dir='ltr'>etiarn</span> <span class='ocrx_word' id='word_1_504' title='bbox 1513 3900 1543 3955; x_wconf 94' lang='lat' dir='ltr'>in</span> <span class='ocrx_word' id='word_1_505' title='bbox 1557 3905 1630 3957; x_wconf 88' lang='lat' dir='ltr'>statu</span> <span class='ocrx_word' id='word_1_506' title='bbox 1644 3918 1690 3959; x_wconf 87' lang='grc' dir='ltr'>ιιι·</span> 
     </span>
     <span class='ocr_line' id='line_1_42' title="bbox 57 3966 1690 4067; baseline 0.001 -26"><span class='ocrx_word' id='word_1_507' title='bbox 57 3988 182 4045; x_wconf 81' lang='lat' dir='ltr'>virornnr</span> <span class='ocrx_word' id='word_1_508' title='bbox 209 3992 317 4044; x_wconf 82' lang='lat' dir='ltr'>vestrae</span> <span class='ocrx_word' id='word_1_509' title='bbox 342 3988 480 4044; x_wconf 85' lang='lat' dir='ltr'>societatis</span> <span class='ocrx_word' id='word_1_510' title='bbox 505 3988 536 4045; x_wconf 90' lang='lat' dir='ltr'>in</span> <span class='ocrx_word' id='word_1_511' title='bbox 556 3989 639 4044; x_wconf 89' lang='lat' dir='ltr'>rebus</span> <span class='ocrx_word' id='word_1_512' title='bbox 655 3986 855 4043; x_wconf 82' lang='lat' dir='ltr'>Metirematicis</span> <span class='ocrx_word' id='word_1_513' title='bbox 875 3966 879 4067; x_wconf 63' lang='grc' dir='ltr'>ξ</span> <span class='ocrx_word' id='word_1_514' title='bbox 896 3990 1063 4060; x_wconf 85' lang='lat' dir='ltr'>pernatnraii</span> <span class='ocrx_word' id='word_1_515' title='bbox 1082 4004 1101 4044; x_wconf 89' lang='lat' dir='ltr'>a</span> <span class='ocrx_word' id='word_1_516' title='bbox 1120 3986 1274 4043; x_wconf 80' lang='lat' dir='ltr'>substantia</span> <span class='ocrx_word' id='word_1_517' title='bbox 1294 3986 1425 4058; x_wconf 77' lang='lat' dir='ltr'>distingui</span> <span class='ocrx_word' id='word_1_518' title='bbox 1446 3987 1536 4044; x_wconf 89' lang='lat' dir='ltr'>debet.</span> <span class='ocrx_word' id='word_1_519' title='bbox 1581 3989 1690 4063; x_wconf 85' lang='lat' dir='ltr'>Peripa·</span> 
     </span>
     <span class='ocr_line' id='line_1_43' title="bbox 56 4073 1691 4149; baseline 0.001 -19"><span class='ocrx_word' id='word_1_520' title='bbox 56 4080 228 4132; x_wconf 78' lang='lat' dir='ltr'>versutorum</span> <span class='ocrx_word' id='word_1_521' title='bbox 249 4092 304 4149; x_wconf 88' lang='lat' dir='ltr'>epe</span> <span class='ocrx_word' id='word_1_522' title='bbox 327 4076 533 4133; x_wconf 81' lang='lat' dir='ltr'>observationes</span> <span class='ocrx_word' id='word_1_523' title='bbox 559 4073 721 4132; x_wconf 85' lang='lat' dir='ltr'>variationis</span> <span class='ocrx_word' id='word_1_524' title='bbox 741 4074 854 4141; x_wconf 73' lang='lat' dir='ltr'>Magne·</span> <span class='ocrx_word' id='word_1_525' title='bbox 875 4073 971 4147; x_wconf 64' lang='lat' dir='ltr'>itetici</span> <span class='ocrx_word' id='word_1_526' title='bbox 991 4078 1106 4132; x_wconf 91' lang='lat' dir='ltr'>omnino</span> <span class='ocrx_word' id='word_1_527' title='bbox 1124 4074 1228 4146; x_wconf 89' lang='lat' dir='ltr'>aliquid</span> <span class='ocrx_word' id='word_1_528' title='bbox 1247 4074 1427 4130; x_wconf 88' lang='lat' dir='ltr'>substantiale</span> <span class='ocrx_word' id='word_1_529' title='bbox 1447 4080 1599 4146; x_wconf 79' lang='lat' dir='ltr'>agnoscunt</span> <span class='ocrx_word' id='word_1_530' title='bbox 1613 4093 1691 4148; x_wconf 89' lang='lat' dir='ltr'>prae·</span> 
     </span>
     <span class='ocr_line' id='line_1_44' title="bbox 56 4161 1690 4237; baseline 0.002 -20"><span class='ocrx_word' id='word_1_531' title='bbox 56 4165 127 4219; x_wconf 86' lang='lat' dir='ltr'>tieac</span> <span class='ocrx_word' id='word_1_532' title='bbox 140 4180 190 4237; x_wconf 88' lang='lat' dir='ltr'>per</span> <span class='ocrx_word' id='word_1_533' title='bbox 202 4164 299 4221; x_wconf 86' lang='lat' dir='ltr'>orbem</span> <span class='ocrx_word' id='word_1_534' title='bbox 313 4164 489 4220; x_wconf 80' lang='lat' dir='ltr'>continuatae</span> <span class='ocrx_word' id='word_1_535' title='bbox 503 4178 639 4221; x_wconf 84' lang='lat' dir='ltr'>armornm</span> <span class='ocrx_word' id='word_1_536' title='bbox 652 4162 752 4235; x_wconf 77' lang='lat' dir='ltr'>stuciis,</span> <span class='ocrx_word' id='word_1_537' title='bbox 767 4163 852 4219; x_wconf 86' lang='lat' dir='ltr'>coila·</span> <span class='ocrx_word' id='word_1_538' title='bbox 875 4168 879 4203; x_wconf 84' lang='lat'><strong>¹</strong></span> <span class='ocrx_word' id='word_1_539' title='bbox 896 4166 939 4219; x_wconf 90' lang='lat' dir='ltr'>ter</span> <span class='ocrx_word' id='word_1_540' title='bbox 952 4161 1102 4234; x_wconf 84' lang='lat' dir='ltr'>biouudes,</span> <span class='ocrx_word' id='word_1_541' title='bbox 1125 4161 1230 4232; x_wconf 88' lang='lat' dir='ltr'>alioqui</span> <span class='ocrx_word' id='word_1_542' title='bbox 1250 4162 1398 4218; x_wconf 85' lang='lat' dir='ltr'>secundum</span> <span class='ocrx_word' id='word_1_543' title='bbox 1420 4161 1495 4234; x_wconf 89' lang='lat' dir='ltr'>ipses</span> <span class='ocrx_word' id='word_1_544' title='bbox 1514 4162 1607 4218; x_wconf 78' lang='lat' dir='ltr'>nullae</span> <span class='ocrx_word' id='word_1_545' title='bbox 1625 4163 1690 4220; x_wconf 87' lang='lat' dir='ltr'>sub-</span> 
     </span>
     <span class='ocr_line' id='line_1_45' title="bbox 57 4247 1691 4326; baseline -0.001 -19"><span class='ocrx_word' id='word_1_546' title='bbox 57 4254 140 4319; x_wconf 83' lang='lat' dir='ltr'>taque</span> <span class='ocrx_word' id='word_1_547' title='bbox 168 4266 269 4324; x_wconf 85' lang='lat' dir='ltr'>opera,</span> <span class='ocrx_word' id='word_1_548' title='bbox 291 4252 514 4326; x_wconf 84' lang='lat' dir='ltr'>instituerentur,</span> <span class='ocrx_word' id='word_1_549' title='bbox 537 4266 608 4324; x_wconf 86' lang='lat' dir='ltr'>quae</span> <span class='ocrx_word' id='word_1_550' title='bbox 631 4266 676 4307; x_wconf 88' lang='lat' dir='ltr'>res</span> <span class='ocrx_word' id='word_1_551' title='bbox 695 4250 796 4305; x_wconf 90' lang='lat' dir='ltr'>surnmi</span> <span class='ocrx_word' id='word_1_552' title='bbox 810 4254 853 4306; x_wconf 87' lang='lat' dir='ltr'>est</span> <span class='ocrx_word' id='word_1_553' title='bbox 895 4251 1012 4306; x_wconf 80' lang='lat' dir='ltr'>stantiae</span> <span class='ocrx_word' id='word_1_554' title='bbox 1044 4253 1153 4322; x_wconf 78' lang='lat' dir='ltr'>praeter</span> <span class='ocrx_word' id='word_1_555' title='bbox 1178 4247 1315 4305; x_wconf 78' lang='lat' dir='ltr'>Menoetes</span> <span class='ocrx_word' id='word_1_556' title='bbox 1341 4250 1439 4305; x_wconf 86' lang='lat' dir='ltr'>tarent.</span> <span class='ocrx_word' id='word_1_557' title='bbox 1492 4250 1528 4304; x_wconf 80' lang='lat' dir='ltr'>Et</span> <span class='ocrx_word' id='word_1_558' title='bbox 1558 4252 1691 4307; x_wconf 90' lang='lat' dir='ltr'>rnouades</span> 
     </span>
     <span class='ocr_line' id='line_1_46' title="bbox 57 4337 1690 4411; baseline 0.001 -20"><span class='ocrx_word' id='word_1_559' title='bbox 57 4339 189 4393; x_wconf 87' lang='lat' dir='ltr'>rrrorrrenti</span> <span class='ocrx_word' id='word_1_560' title='bbox 202 4338 239 4395; x_wconf 87' lang='lat' dir='ltr'>ad</span> <span class='ocrx_word' id='word_1_561' title='bbox 251 4340 456 4411; x_wconf 81' lang='lat' dir='ltr'>Geogmplriam</span> <span class='ocrx_word' id='word_1_562' title='bbox 469 4345 498 4397; x_wconf 88' lang='lat' dir='ltr'>et</span> <span class='ocrx_word' id='word_1_563' title='bbox 510 4339 708 4411; x_wconf 75' lang='lat' dir='ltr'>navigationes,</span> <span class='ocrx_word' id='word_1_564' title='bbox 723 4342 751 4392; x_wconf 90' lang='lat' dir='ltr'>et</span> <span class='ocrx_word' id='word_1_565' title='bbox 764 4338 853 4393; x_wconf 80' lang='lat' dir='ltr'>unul·</span> <span class='ocrx_word' id='word_1_566' title='bbox 875 4372 879 4407; x_wconf 50' lang='grc' dir='ltr'>ι</span> <span class='ocrx_word' id='word_1_567' title='bbox 895 4354 952 4393; x_wconf 91' lang='lat' dir='ltr'>non</span> <span class='ocrx_word' id='word_1_568' title='bbox 972 4338 1143 4394; x_wconf 87' lang='lat' dir='ltr'>constituunt</span> <span class='ocrx_word' id='word_1_569' title='bbox 1167 4337 1348 4392; x_wconf 85' lang='lat' dir='ltr'>substantiam</span> <span class='ocrx_word' id='word_1_570' title='bbox 1369 4337 1534 4409; x_wconf 84' lang='lat' dir='ltr'>completura</span> <span class='ocrx_word' id='word_1_571' title='bbox 1554 4338 1690 4409; x_wconf 87' lang='lat' dir='ltr'>composi-</span> 
     </span>
     <span class='ocr_line' id='line_1_47' title="bbox 56 4416 1689 4501; baseline 0.001 -22"><span class='ocrx_word' id='word_1_572' title='bbox 56 4423 92 4479; x_wconf 90' lang='lat' dir='ltr'>lis</span> <span class='ocrx_word' id='word_1_573' title='bbox 116 4422 180 4479; x_wconf 86' lang='lat' dir='ltr'>aliis</span> <span class='ocrx_word' id='word_1_574' title='bbox 203 4427 375 4485; x_wconf 67' lang='lat' dir='ltr'>summonitus</span> <span class='ocrx_word' id='word_1_575' title='bbox 399 4428 459 4484; x_wconf 91' lang='lat' dir='ltr'>ticri</span> <span class='ocrx_word' id='word_1_576' title='bbox 483 4432 583 4501; x_wconf 88' lang='lat' dir='ltr'>posset.</span> <span class='ocrx_word' id='word_1_577' title='bbox 629 4426 695 4482; x_wconf 86' lang='lat' dir='ltr'>Post</span> <span class='ocrx_word' id='word_1_578' title='bbox 716 4423 853 4481; x_wconf 86' lang='lat' dir='ltr'>Giiber·</span> <span class='ocrx_word' id='word_1_579' title='bbox 873 4424 878 4483; x_wconf 81' lang='lat' dir='ltr'>i</span> <span class='ocrx_word' id='word_1_580' title='bbox 896 4429 962 4499; x_wconf 85' lang='lat' dir='ltr'>tam,</span> <span class='ocrx_word' id='word_1_581' title='bbox 977 4440 1042 4482; x_wconf 90' lang='lat' dir='ltr'>curn</span> <span class='ocrx_word' id='word_1_582' title='bbox 1055 4440 1113 4480; x_wconf 91' lang='lat' dir='ltr'>nou</span> <span class='ocrx_word' id='word_1_583' title='bbox 1128 4423 1231 4479; x_wconf 84' lang='lat' dir='ltr'>iaciant</span> <span class='ocrx_word' id='word_1_584' title='bbox 1245 4439 1331 4479; x_wconf 92' lang='lat' dir='ltr'>unum</span> <span class='ocrx_word' id='word_1_585' title='bbox 1346 4440 1395 4495; x_wconf 79' lang='lat' dir='ltr'>per</span> <span class='ocrx_word' id='word_1_586' title='bbox 1409 4416 1510 4496; x_wconf 81' lang='lat' dir='ltr'>se,&#39;sud</span> <span class='ocrx_word' id='word_1_587' title='bbox 1525 4440 1632 4481; x_wconf 88' lang='lat' dir='ltr'>merum</span> <span class='ocrx_word' id='word_1_588' title='bbox 1643 4442 1689 4494; x_wconf 76' lang='lat' dir='ltr'>ng·</span> 
     </span>
     <span class='ocr_line' id='line_1_48' title="bbox 56 4510 1689 4627; baseline 0.002 -62"><span class='ocrx_word' id='word_1_589' title='bbox 56 4516 116 4566; x_wconf 89' lang='lat' dir='ltr'>turn</span> <span class='ocrx_word' id='word_1_590' title='bbox 136 4511 272 4585; x_wconf 78' lang='lat' dir='ltr'>Angium,</span> <span class='ocrx_word' id='word_1_591' title='bbox 297 4515 345 4586; x_wconf 91' lang='lat' dir='ltr'>qui</span> <span class='ocrx_word' id='word_1_592' title='bbox 369 4514 474 4587; x_wconf 85' lang='lat' dir='ltr'>primm</span> <span class='ocrx_word' id='word_1_593' title='bbox 493 4515 575 4585; x_wconf 85' lang='lat' dir='ltr'>ircjm</span> <span class='ocrx_word' id='word_1_594' title='bbox 594 4513 737 4571; x_wconf 83' lang='lat' dir='ltr'>electrinas</span> <span class='ocrx_word' id='word_1_595' title='bbox 756 4511 851 4568; x_wconf 76' lang='lat' dir='ltr'>iimdc-</span> <span class='ocrx_word' id='word_1_596' title='bbox 872 4514 1052 4627; x_wconf 52' lang='lat' dir='ltr'>pgmgatum,</span> <span class='ocrx_word' id='word_1_597' title='bbox 1075 4511 1130 4567; x_wconf 90' lang='lat' dir='ltr'>nisi</span> <span class='ocrx_word' id='word_1_598' title='bbox 1149 4510 1261 4581; x_wconf 87' lang='lat' dir='ltr'>aliquod</span> <span class='ocrx_word' id='word_1_599' title='bbox 1285 4512 1466 4569; x_wconf 88' lang='lat' dir='ltr'>substantiale</span> <span class='ocrx_word' id='word_1_600' title='bbox 1486 4512 1625 4568; x_wconf 80' lang='lat' dir='ltr'>uinculum</span> <span class='ocrx_word' id='word_1_601' title='bbox 1645 4528 1689 4568; x_wconf 88' lang='lat' dir='ltr'>ac-</span> 
     </span>
     <span class='ocr_line' id='line_1_49' title="bbox 55 4598 980 4719; baseline 0.001 -66"><span class='ocrx_word' id='word_1_602' title='bbox 55 4604 150 4654; x_wconf 85' lang='lat' dir='ltr'>rnenra</span> <span class='ocrx_word' id='word_1_603' title='bbox 164 4598 272 4673; x_wconf 89' lang='lat' dir='ltr'>posuit,</span> <span class='ocrx_word' id='word_1_604' title='bbox 285 4616 367 4657; x_wconf 89' lang='lat' dir='ltr'>neruo</span> <span class='ocrx_word' id='word_1_605' title='bbox 381 4602 479 4657; x_wconf 88' lang='lat' dir='ltr'>meiius</span> <span class='ocrx_word' id='word_1_606' title='bbox 497 4601 534 4657; x_wconf 89' lang='lat' dir='ltr'>dc</span> <span class='ocrx_word' id='word_1_607' title='bbox 547 4601 707 4672; x_wconf 81' lang='lat' dir='ltr'>magneticis</span> <span class='ocrx_word' id='word_1_608' title='bbox 720 4599 851 4656; x_wconf 79' lang='lat' dir='ltr'>obseres·</span> <span class='ocrx_word' id='word_1_609' title='bbox 872 4630 876 4719; x_wconf 62' lang='grc' dir='ltr'>Ι</span> <span class='ocrx_word' id='word_1_610' title='bbox 893 4600 980 4657; x_wconf 89' lang='lat' dir='ltr'>cedat.</span> 
     </span>
     <span class='ocr_line' id='line_1_50' title="bbox 55 4682 1690 4761; baseline -0.001 -19"><span class='ocrx_word' id='word_1_611' title='bbox 55 4686 178 4743; x_wconf 88' lang='lat' dir='ltr'>tionibus</span> <span class='ocrx_word' id='word_1_612' title='bbox 198 4686 314 4743; x_wconf 89' lang='lat' dir='ltr'>meritus</span> <span class='ocrx_word' id='word_1_613' title='bbox 327 4692 383 4760; x_wconf 86' lang='lat' dir='ltr'>est,</span> <span class='ocrx_word' id='word_1_614' title='bbox 408 4704 493 4759; x_wconf 86' lang='lat' dir='ltr'>quam</span> <span class='ocrx_word' id='word_1_615' title='bbox 509 4690 608 4761; x_wconf 81' lang='lat' dir='ltr'>vostri,</span> <span class='ocrx_word' id='word_1_616' title='bbox 632 4704 752 4759; x_wconf 89' lang='lat' dir='ltr'>quornm</span> <span class='ocrx_word' id='word_1_617' title='bbox 766 4687 850 4743; x_wconf 85' lang='lat' dir='ltr'>eriam</span> <span class='ocrx_word' id='word_1_618' title='bbox 937 4688 981 4743; x_wconf 86' lang='lat' dir='ltr'>Ex</span> <span class='ocrx_word' id='word_1_619' title='bbox 995 4686 1148 4744; x_wconf 82' lang='lat' dir='ltr'>Harmonia</span> <span class='ocrx_word' id='word_1_620' title='bbox 1166 4700 1223 4743; x_wconf 90' lang='lat' dir='ltr'>uon</span> <span class='ocrx_word' id='word_1_621' title='bbox 1243 4688 1333 4757; x_wconf 88' lang='lat' dir='ltr'>potest</span> <span class='ocrx_word' id='word_1_622' title='bbox 1347 4684 1475 4758; x_wconf 74' lang='lat' dir='ltr'>prolusi,</span> <span class='ocrx_word' id='word_1_623' title='bbox 1495 4685 1599 4756; x_wconf 88' lang='lat' dir='ltr'>aliquid</span> <span class='ocrx_word' id='word_1_624' title='bbox 1614 4682 1690 4739; x_wconf 86' lang='lat' dir='ltr'>atiud</span> 
     </span>
     <span class='ocr_line' id='line_1_51' title="bbox 54 4770 1690 4849; baseline -0.002 -18"><span class='ocrx_word' id='word_1_625' title='bbox 54 4773 131 4841; x_wconf 78' lang='lat' dir='ltr'>iusta</span> <span class='ocrx_word' id='word_1_626' title='bbox 144 4788 231 4847; x_wconf 85' lang='lat' dir='ltr'>opera</span> <span class='ocrx_word' id='word_1_627' title='bbox 244 4778 356 4846; x_wconf 74' lang='lat' dir='ltr'>extant,</span> <span class='ocrx_word' id='word_1_628' title='bbox 370 4776 541 4849; x_wconf 85' lang='lat' dir='ltr'>Gabaens,</span> <span class='ocrx_word' id='word_1_629' title='bbox 556 4776 756 4849; x_wconf 86' lang='lat' dir='ltr'>Kircberes,</span> <span class='ocrx_word' id='word_1_630' title='bbox 771 4774 851 4833; x_wconf 87' lang='lat' dir='ltr'>beo·</span> <span class='ocrx_word' id='word_1_631' title='bbox 892 4790 955 4831; x_wconf 88' lang='lat' dir='ltr'>esse</span> <span class='ocrx_word' id='word_1_632' title='bbox 983 4776 1014 4831; x_wconf 94' lang='lat' dir='ltr'>in</span> <span class='ocrx_word' id='word_1_633' title='bbox 1044 4774 1225 4847; x_wconf 84' lang='lat' dir='ltr'>corporibus,</span> <span class='ocrx_word' id='word_1_634' title='bbox 1257 4788 1341 4845; x_wconf 85' lang='lat' dir='ltr'>qaam</span> <span class='ocrx_word' id='word_1_635' title='bbox 1368 4774 1570 4829; x_wconf 79' lang='lat' dir='ltr'>anerronrena.</span> <span class='ocrx_word' id='word_1_636' title='bbox 1615 4770 1690 4827; x_wconf 87' lang='lat' dir='ltr'>Nam</span> 
     </span>
     <span class='ocr_line' id='line_1_52' title="bbox 57 4860 1689 4935; baseline -0.001 -19"><span class='ocrx_word' id='word_1_637' title='bbox 57 4860 197 4934; x_wconf 81' lang='lat' dir='ltr'>laudus,</span> <span class='ocrx_word' id='word_1_638' title='bbox 213 4860 271 4917; x_wconf 83' lang='lat' dir='ltr'>alii.</span> <span class='ocrx_word' id='word_1_639' title='bbox 314 4862 395 4927; x_wconf 86' lang='lat' dir='ltr'>Quod</span> <span class='ocrx_word' id='word_1_640' title='bbox 414 4862 439 4919; x_wconf 90' lang='lat' dir='ltr'>si</span> <span class='ocrx_word' id='word_1_641' title='bbox 454 4863 537 4919; x_wconf 81' lang='lat' dir='ltr'>uestri</span> <span class='ocrx_word' id='word_1_642' title='bbox 551 4863 601 4935; x_wconf 89' lang='lat' dir='ltr'>qni</span> <span class='ocrx_word' id='word_1_643' title='bbox 613 4877 663 4934; x_wconf 86' lang='lat' dir='ltr'>per</span> <span class='ocrx_word' id='word_1_644' title='bbox 675 4862 774 4919; x_wconf 83' lang='lat' dir='ltr'>orbem</span> <span class='ocrx_word' id='word_1_645' title='bbox 787 4863 852 4921; x_wconf 89' lang='lat' dir='ltr'>inde</span> <span class='ocrx_word' id='word_1_646' title='bbox 892 4862 1003 4920; x_wconf 90' lang='lat' dir='ltr'>aliunde</span> <span class='ocrx_word' id='word_1_647' title='bbox 1027 4867 1152 4935; x_wconf 87' lang='lat' dir='ltr'>coastat,</span> <span class='ocrx_word' id='word_1_648' title='bbox 1175 4860 1358 4917; x_wconf 84' lang='lat' dir='ltr'>Harmoniam</span> <span class='ocrx_word' id='word_1_649' title='bbox 1377 4861 1634 4917; x_wconf 85' lang='lat' dir='ltr'>Phaenorucnoram</span> <span class='ocrx_word' id='word_1_650' title='bbox 1660 4860 1689 4914; x_wconf 92' lang='lat' dir='ltr'>in</span> 
     </span>
     <span class='ocr_line' id='line_1_53' title="bbox 58 4946 1690 5025; baseline -0.001 -23"><span class='ocrx_word' id='word_1_651' title='bbox 58 4950 250 5007; x_wconf 82' lang='lat' dir='ltr'>altireberi</span> <span class='ocrx_word' id='word_1_652' title='bbox 270 4951 457 5025; x_wconf 82' lang='lat' dir='ltr'>temporibus,</span> <span class='ocrx_word' id='word_1_653' title='bbox 481 4955 550 5024; x_wconf 88' lang='lat' dir='ltr'>quot</span> <span class='ocrx_word' id='word_1_654' title='bbox 564 4949 660 5025; x_wconf 88' lang='lat' dir='ltr'>amris,</span> <span class='ocrx_word' id='word_1_655' title='bbox 685 4950 850 5025; x_wconf 82' lang='lat' dir='ltr'>ubicunqne,</span> <span class='ocrx_word' id='word_1_656' title='bbox 892 4951 1037 5007; x_wconf 88' lang='lat' dir='ltr'>aninrabus</span> <span class='ocrx_word' id='word_1_657' title='bbox 1056 4966 1113 5007; x_wconf 92' lang='lat' dir='ltr'>non</span> <span class='ocrx_word' id='word_1_658' title='bbox 1131 4950 1199 5006; x_wconf 90' lang='lat' dir='ltr'>oriri</span> <span class='ocrx_word' id='word_1_659' title='bbox 1214 4964 1251 5005; x_wconf 81' lang='lat' dir='ltr'>ex</span> <span class='ocrx_word' id='word_1_660' title='bbox 1264 4949 1371 5005; x_wconf 84' lang='lat' dir='ltr'>intiuxu</span> <span class='ocrx_word' id='word_1_661' title='bbox 1385 4962 1546 5020; x_wconf 67' lang='lat' dir='ltr'>coaequarum,</span> <span class='ocrx_word' id='word_1_662' title='bbox 1567 4946 1616 5001; x_wconf 86' lang='lat' dir='ltr'>sed</span> <span class='ocrx_word' id='word_1_663' title='bbox 1630 4962 1690 5001; x_wconf 83' lang='lat' dir='ltr'>esso</span> 
     </span>
     <span class='ocr_line' id='line_1_54' title="bbox 57 5034 1690 5114; baseline -0.001 -22"><span class='ocrx_word' id='word_1_664' title='bbox 57 5034 259 5097; x_wconf 80' lang='lat' dir='ltr'>Matlienrutum</span> <span class='ocrx_word' id='word_1_665' title='bbox 274 5040 357 5113; x_wconf 86' lang='lat' dir='ltr'>periti</span> <span class='ocrx_word' id='word_1_666' title='bbox 372 5044 471 5113; x_wconf 75' lang='lat' dir='ltr'>agunt,</span> <span class='ocrx_word' id='word_1_667' title='bbox 485 5040 546 5097; x_wconf 82' lang='lat' dir='ltr'>sive</span> <span class='ocrx_word' id='word_1_668' title='bbox 559 5039 624 5097; x_wconf 80' lang='lat' dir='ltr'>tinia</span> <span class='ocrx_word' id='word_1_669' title='bbox 644 5037 771 5114; x_wconf 69' lang='lat' dir='ltr'>malibus,</span> <span class='ocrx_word' id='word_1_670' title='bbox 792 5039 852 5096; x_wconf 82' lang='lat' dir='ltr'>siue</span> <span class='ocrx_word' id='word_1_671' title='bbox 892 5037 1128 5114; x_wconf 73' lang='lat' dir='ltr'>praestabilium,</span> <span class='ocrx_word' id='word_1_672' title='bbox 1148 5038 1233 5111; x_wconf 88' lang='lat' dir='ltr'>idque</span> <span class='ocrx_word' id='word_1_673' title='bbox 1246 5038 1382 5095; x_wconf 78' lang='lat' dir='ltr'>sumoeret</span> <span class='ocrx_word' id='word_1_674' title='bbox 1396 5036 1419 5093; x_wconf 90' lang='lat' dir='ltr'>si</span> <span class='ocrx_word' id='word_1_675' title='bbox 1435 5036 1511 5092; x_wconf 86' lang='lat' dir='ltr'>solae</span> <span class='ocrx_word' id='word_1_676' title='bbox 1524 5038 1618 5091; x_wconf 84' lang='lat' dir='ltr'>esseut</span> <span class='ocrx_word' id='word_1_677' title='bbox 1631 5034 1690 5091; x_wconf 85' lang='lat' dir='ltr'>arri·</span> 
     </span>
    </p>
   </div>
   <div class='ocr_carea' id='block_1_3' title="bbox 1088 2379 1493 2440">
    <p class='ocr_par' dir='ltr' id='par_1_3' title="bbox 1088 2379 1493 2440">
     <span class='ocr_line' id='line_1_55' title="bbox 1088 2379 1493 2440; baseline 0.007 -5"><span class='ocrx_word' id='word_1_678' title='bbox 1088 2379 1367 2438; x_wconf 83' lang='lat' dir='ltr'>EPISTOLA</span> <span class='ocrx_word' id='word_1_679' title='bbox 1409 2382 1493 2440; x_wconf 83' lang='lat' dir='ltr'>xix.</span> 
     </span>
    </p>
   </div>
   <div class='ocr_carea' id='block_1_4' title="bbox 0 0 1858 5828">
    <p class='ocr_par' dir='ltr' id='par_1_4' title="bbox 0 0 1858 5828">
     <span class='ocr_line' id='line_1_56' title="bbox 0 0 1858 5828; baseline 0 2"><span class='ocrx_word' id='word_1_680' title='bbox 0 0 1858 5828; x_wconf 95' lang='lat' dir='ltr'> </span> 
     </span>
    </p>
   </div>
  </div>
 </body>
</html>
